<?xml version="1.0" encoding="UTF-8"?>
<!DOCTYPE html PUBLIC "-//W3C//DTD XHTML 1.0 Transitional//EN"
    "http://www.w3.org/TR/xhtml1/DTD/xhtml1-transitional.dtd">
<html xmlns="http://www.w3.org/1999/xhtml" xml:lang="en" lang="en">
 <head>
  <title>
</title>
<meta http-equiv="Content-Type" content="text/html;charset=utf-8" />
  <meta name='ocr-system' content='tesseract 3.04.00' />
  <meta name='ocr-capabilities' content='ocr_page ocr_carea ocr_par ocr_line ocrx_word'/>
</head>
<body>
  <div class='ocr_page' id='page_1' title='image "./oratioprotitoan00cicegoog_0036.png"; bbox 0 0 4748 3954; ppageno 0'>
   <div class='ocr_carea' id='block_1_1' title="bbox 149 307 739 367">
    <p class='ocr_par' dir='ltr' id='par_1_1' title="bbox 149 307 739 367">
     <span class='ocr_line' id='line_1_1' title="bbox 149 307 739 367; baseline 0.005 -4"><span class='ocrx_word' id='word_1_1' title='bbox 149 307 165 363; x_wconf 81' lang='grc'><strong>6</strong></span> <span class='ocrx_word' id='word_1_2' title='bbox 490 310 534 366; x_wconf 77' lang='grc' dir='ltr'>Μ.</span> <span class='ocrx_word' id='word_1_3' title='bbox 556 308 589 366; x_wconf 73' lang='lat'>7!</span> <span class='ocrx_word' id='word_1_4' title='bbox 610 309 739 367; x_wconf 68' lang='lat' dir='ltr'>morano</span> 
     </span>
    </p>
   </div>
   <div class='ocr_carea' id='block_1_2' title="bbox 146 405 1209 493">
    <p class='ocr_par' dir='ltr' id='par_1_2' title="bbox 146 405 1209 493">
     <span class='ocr_line' id='line_1_2' title="bbox 146 405 1209 493; baseline 0.021 -33"><span class='ocrx_word' id='word_1_5' title='bbox 146 405 325 450; x_wconf 55' lang='grc' dir='ltr'>*Μὰ-Μ</span> <span class='ocrx_word' id='word_1_6' title='bbox 342 410 425 483; x_wconf 90' lang='lat' dir='ltr'>Quod</span> <span class='ocrx_word' id='word_1_7' title='bbox 436 410 459 469; x_wconf 89' lang='lat' dir='ltr'>si</span> <span class='ocrx_word' id='word_1_8' title='bbox 469 430 518 486; x_wconf 90' lang='lat' dir='ltr'>per</span> <span class='ocrx_word' id='word_1_9' title='bbox 528 414 655 472; x_wconf 78' lang='lat' dir='ltr'>furiosum</span> <span class='ocrx_word' id='word_1_10' title='bbox 668 415 741 474; x_wconf 81' lang='lat' dir='ltr'>ullum</span> <span class='ocrx_word' id='word_1_11' title='bbox 749 417 883 475; x_wconf 78' lang='lat' dir='ltr'>tribunum</span> <span class='ocrx_word' id='word_1_12' title='bbox 894 416 997 476; x_wconf 86' lang='lat' dir='ltr'>senatui</span> <span class='ocrx_word' id='word_1_13' title='bbox 1009 419 1084 493; x_wconf 90' lang='lat' dir='ltr'>quod</span> <span class='ocrx_word' id='word_1_14' title='bbox 1204 456 1209 474; x_wconf 82' lang='lat'><strong>·</strong></span> 
     </span>
    </p>
   </div>
   <div class='ocr_carea' id='block_1_3' title="bbox 145 458 324 509">
    <p class='ocr_par' dir='ltr' id='par_1_3' title="bbox 145 458 324 509">
     <span class='ocr_line' id='line_1_3' title="bbox 145 458 324 509; baseline 0.022 -11"><span class='ocrx_word' id='word_1_15' title='bbox 145 458 324 509; x_wconf 58' lang='lat' dir='ltr'>sumatra-</span> 
     </span>
    </p>
   </div>
   <div class='ocr_carea' id='block_1_4' title="bbox 143 500 1083 664">
    <p class='ocr_par' dir='ltr' id='par_1_4' title="bbox 143 500 1083 664">
     <span class='ocr_line' id='line_1_4' title="bbox 145 500 1083 589; baseline 0.013 -35"><span class='ocrx_word' id='word_1_16' title='bbox 145 511 327 589; x_wconf 45' lang='grc' dir='ltr'>ἠρία-α</span> <span class='ocrx_word' id='word_1_17' title='bbox 341 500 472 560; x_wconf 71' lang='lat' dir='ltr'>sentiebat</span> <span class='ocrx_word' id='word_1_18' title='bbox 491 504 617 576; x_wconf 86' lang='lat' dir='ltr'>perficere</span> <span class='ocrx_word' id='word_1_19' title='bbox 637 504 761 577; x_wconf 72' lang='lat' dir='ltr'>licuisset,</span> <span class='ocrx_word' id='word_1_20' title='bbox 783 524 880 564; x_wconf 83' lang='lat' dir='ltr'>novam</span> <span class='ocrx_word' id='word_1_21' title='bbox 899 507 1083 581; x_wconf 88' lang='lat' dir='ltr'>quaestionem</span> 
     </span>
     <span class='ocr_line' id='line_1_5' title="bbox 143 562 1082 664; baseline 0.012 -19"><span class='ocrx_word' id='word_1_22' title='bbox 143 562 323 661; x_wconf 44' lang='lat'>:32⁶3</span> <span class='ocrx_word' id='word_1_23' title='bbox 340 589 440 646; x_wconf 82' lang='lat' dir='ltr'>nubam</span> <span class='ocrx_word' id='word_1_24' title='bbox 455 591 626 664; x_wconf 75' lang='lat' dir='ltr'>haberemus:</span> <span class='ocrx_word' id='word_1_25' title='bbox 643 595 806 652; x_wconf 88' lang='lat' dir='ltr'>decernebat</span> <span class='ocrx_word' id='word_1_26' title='bbox 821 596 893 657; x_wconf 85' lang='lat' dir='ltr'>enirn</span> <span class='ocrx_word' id='word_1_27' title='bbox 908 607 937 654; x_wconf 86' lang='lat' dir='ltr'>vt</span> <span class='ocrx_word' id='word_1_28' title='bbox 950 597 1082 656; x_wconf 90' lang='lat' dir='ltr'>veteribus</span> 
     </span>
    </p>
   </div>
   <div class='ocr_carea' id='block_1_5' title="bbox 141 666 1081 1014">
    <p class='ocr_par' dir='ltr' id='par_1_5' title="bbox 141 666 1081 1014">
     <span class='ocr_line' id='line_1_6' title="bbox 143 666 1081 760; baseline 0.017 -30"><span class='ocrx_word' id='word_1_29' title='bbox 143 666 252 718; x_wconf 51' lang='grc' dir='ltr'>θ’*</span> <span class='ocrx_word' id='word_1_30' title='bbox 337 675 448 750; x_wconf 74' lang='lat' dir='ltr'>legibus,</span> <span class='ocrx_word' id='word_1_31' title='bbox 461 687 564 737; x_wconf 86' lang='lat' dir='ltr'>tantum</span> <span class='ocrx_word' id='word_1_32' title='bbox 576 683 659 740; x_wconf 91' lang='lat' dir='ltr'>modo</span> <span class='ocrx_word' id='word_1_33' title='bbox 671 693 745 741; x_wconf 83' lang='lat' dir='ltr'>extra</span> <span class='ocrx_word' id='word_1_34' title='bbox 756 683 885 755; x_wconf 85' lang='lat' dir='ltr'>ordinem,</span> <span class='ocrx_word' id='word_1_35' title='bbox 897 698 1081 760; x_wconf 79' lang='lat' dir='ltr'>quaereretur:</span> 
     </span>
     <span class='ocr_line' id='line_1_7' title="bbox 143 760 1080 847; baseline 0.016 -26"><span class='ocrx_word' id='word_1_36' title='bbox 143 760 226 822; x_wconf 86' lang='lat' dir='ltr'>dmsa</span> <span class='ocrx_word' id='word_1_37' title='bbox 241 765 374 823; x_wconf 64' lang='lat' dir='ltr'>antenna</span> <span class='ocrx_word' id='word_1_38' title='bbox 387 777 428 824; x_wconf 84' lang='lat' dir='ltr'>est</span> <span class='ocrx_word' id='word_1_39' title='bbox 443 771 595 842; x_wconf 73' lang='lat' dir='ltr'>postulante</span> <span class='ocrx_word' id='word_1_40' title='bbox 613 771 705 831; x_wconf 90' lang='lat' dir='ltr'>nescio</span> <span class='ocrx_word' id='word_1_41' title='bbox 719 791 787 847; x_wconf 70' lang='lat' dir='ltr'>quo:</span> <span class='ocrx_word' id='word_1_42' title='bbox 805 775 871 832; x_wconf 88' lang='lat' dir='ltr'>nihil</span> <span class='ocrx_word' id='word_1_43' title='bbox 886 775 955 833; x_wconf 89' lang='lat' dir='ltr'>enim</span> <span class='ocrx_word' id='word_1_44' title='bbox 971 794 1080 836; x_wconf 85' lang='lat' dir='ltr'>necesse</span> 
     </span>
     <span class='ocr_line' id='line_1_8' title="bbox 141 853 1079 936; baseline 0.017 -26"><span class='ocrx_word' id='word_1_45' title='bbox 141 862 181 910; x_wconf 89' lang='lat' dir='ltr'>est</span> <span class='ocrx_word' id='word_1_46' title='bbox 197 853 319 912; x_wconf 86' lang='lat' dir='ltr'>omniurn</span> <span class='ocrx_word' id='word_1_47' title='bbox 336 873 381 916; x_wconf 89' lang='lat' dir='ltr'>me</span> <span class='ocrx_word' id='word_1_48' title='bbox 398 856 496 932; x_wconf 79' lang='lat' dir='ltr'>daqitia</span> <span class='ocrx_word' id='word_1_49' title='bbox 507 860 639 933; x_wconf 82' lang='lat' dir='ltr'>prolerre:</span> <span class='ocrx_word' id='word_1_50' title='bbox 657 861 696 920; x_wconf 86' lang='lat' dir='ltr'>sic</span> <span class='ocrx_word' id='word_1_51' title='bbox 706 863 808 936; x_wconf 91' lang='lat' dir='ltr'>reliqua</span> <span class='ocrx_word' id='word_1_52' title='bbox 818 863 960 924; x_wconf 87' lang='lat' dir='ltr'>auctoritas</span> <span class='ocrx_word' id='word_1_53' title='bbox 972 878 1079 926; x_wconf 82' lang='lat' dir='ltr'>senabrs</span> 
     </span>
     <span class='ocr_line' id='line_1_9' title="bbox 141 941 609 1014; baseline 0.021 -17"><span class='ocrx_word' id='word_1_54' title='bbox 141 951 231 1014; x_wconf 85' lang='lat' dir='ltr'>empta</span> <span class='ocrx_word' id='word_1_55' title='bbox 240 941 431 1002; x_wconf 66' lang='lat' dir='ltr'>internetione</span> <span class='ocrx_word' id='word_1_56' title='bbox 442 948 549 1004; x_wconf 86' lang='lat' dir='ltr'>sublata</span> <span class='ocrx_word' id='word_1_57' title='bbox 561 959 609 1007; x_wconf 85' lang='lat' dir='ltr'>ost</span> 
     </span>
    </p>
   </div>
   <div class='ocr_carea' id='block_1_6' title="bbox 380 1033 1122 1123">
    <p class='ocr_par' dir='ltr' id='par_1_6' title="bbox 380 1033 1122 1123">
     <span class='ocr_line' id='line_1_10' title="bbox 380 1033 1122 1123; baseline 0.022 -34"><span class='ocrx_word' id='word_1_58' title='bbox 380 1035 418 1090; x_wconf 81' lang='lat' dir='ltr'>At</span> <span class='ocrx_word' id='word_1_59' title='bbox 429 1033 500 1090; x_wconf 91' lang='lat' dir='ltr'>enim</span> <span class='ocrx_word' id='word_1_60' title='bbox 513 1036 564 1095; x_wconf 87' lang='lat' dir='ltr'>Cn</span> <span class='ocrx_word' id='word_1_61' title='bbox 578 1037 721 1112; x_wconf 86' lang='lat' dir='ltr'>Pompeius</span> <span class='ocrx_word' id='word_1_62' title='bbox 735 1039 872 1113; x_wconf 77' lang='lat' dir='ltr'>rogatione</span> <span class='ocrx_word' id='word_1_63' title='bbox 887 1059 936 1099; x_wconf 88' lang='lat' dir='ltr'>sua</span> <span class='ocrx_word' id='word_1_64' title='bbox 949 1054 977 1101; x_wconf 91' lang='lat' dir='ltr'>et</span> <span class='ocrx_word' id='word_1_65' title='bbox 995 1043 1031 1101; x_wconf 90' lang='lat' dir='ltr'>de</span> <span class='ocrx_word' id='word_1_66' title='bbox 1047 1063 1077 1104; x_wconf 90' lang='lat' dir='ltr'>re</span> <span class='ocrx_word' id='word_1_67' title='bbox 1090 1063 1122 1123; x_wconf 74' lang='grc' dir='ltr'>ις</span> 
     </span>
    </p>
   </div>
   <div class='ocr_carea' id='block_1_7' title="bbox 137 1109 1076 1215">
    <p class='ocr_par' dir='ltr' id='par_1_7' title="bbox 137 1109 1076 1215">
     <span class='ocr_line' id='line_1_11' title="bbox 137 1109 1076 1215; baseline 0.007 -34"><span class='ocrx_word' id='word_1_68' title='bbox 137 1109 236 1215; x_wconf 50' lang='lat'>„⁰22</span> <span class='ocrx_word' id='word_1_69' title='bbox 249 1111 320 1206; x_wconf 45' lang='grc' dir='ltr'>ἵζ’</span> <span class='ocrx_word' id='word_1_70' title='bbox 336 1130 364 1178; x_wconf 88' lang='lat' dir='ltr'>et</span> <span class='ocrx_word' id='word_1_71' title='bbox 376 1121 411 1179; x_wconf 90' lang='lat' dir='ltr'>de</span> <span class='ocrx_word' id='word_1_72' title='bbox 422 1140 504 1180; x_wconf 85' lang='lat' dir='ltr'>nausa</span> <span class='ocrx_word' id='word_1_73' title='bbox 515 1123 656 1184; x_wconf 85' lang='lat' dir='ltr'>iudicavit:</span> <span class='ocrx_word' id='word_1_74' title='bbox 671 1126 730 1184; x_wconf 90' lang='lat' dir='ltr'>tulit</span> <span class='ocrx_word' id='word_1_75' title='bbox 741 1127 811 1184; x_wconf 90' lang='lat' dir='ltr'>enirn</span> <span class='ocrx_word' id='word_1_76' title='bbox 824 1130 859 1186; x_wconf 90' lang='lat' dir='ltr'>de</span> <span class='ocrx_word' id='word_1_77' title='bbox 871 1132 955 1188; x_wconf 85' lang='lat' dir='ltr'>caede</span> <span class='ocrx_word' id='word_1_78' title='bbox 967 1150 1036 1205; x_wconf 87' lang='lat' dir='ltr'>quae</span> <span class='ocrx_word' id='word_1_79' title='bbox 1047 1131 1076 1191; x_wconf 92' lang='lat' dir='ltr'>in</span> 
     </span>
    </p>
   </div>
   <div class='ocr_carea' id='block_1_8' title="bbox 132 1203 1243 1316">
    <p class='ocr_par' dir='ltr' id='par_1_8' title="bbox 132 1203 1243 1316">
     <span class='ocr_line' id='line_1_12' title="bbox 132 1203 1243 1316; baseline 0.015 -53"><span class='ocrx_word' id='word_1_80' title='bbox 132 1217 205 1316; x_wconf 51' lang='lat' dir='ltr'>a:</span> <span class='ocrx_word' id='word_1_81' title='bbox 242 1217 321 1258; x_wconf 65' lang='lat' dir='ltr'>M</span> <span class='ocrx_word' id='word_1_82' title='bbox 335 1208 425 1284; x_wconf 80' lang='lat' dir='ltr'>Appia</span> <span class='ocrx_word' id='word_1_83' title='bbox 441 1211 485 1267; x_wconf 89' lang='lat' dir='ltr'>via</span> <span class='ocrx_word' id='word_1_84' title='bbox 502 1213 572 1270; x_wconf 86' lang='lat' dir='ltr'>lacta</span> <span class='ocrx_word' id='word_1_85' title='bbox 589 1224 666 1284; x_wconf 91' lang='lat' dir='ltr'>esset,</span> <span class='ocrx_word' id='word_1_86' title='bbox 685 1214 713 1270; x_wconf 92' lang='lat' dir='ltr'>in</span> <span class='ocrx_word' id='word_1_87' title='bbox 730 1233 784 1287; x_wconf 85' lang='lat' dir='ltr'>qua</span> <span class='ocrx_word' id='word_1_88' title='bbox 799 1219 828 1274; x_wconf 83' lang='lat' dir='ltr'>P.</span> <span class='ocrx_word' id='word_1_89' title='bbox 847 1218 958 1276; x_wconf 82' lang='lat' dir='ltr'>Clodius</span> <span class='ocrx_word' id='word_1_90' title='bbox 972 1220 1077 1279; x_wconf 88' lang='lat' dir='ltr'>oocisus</span> <span class='ocrx_word' id='word_1_91' title='bbox 1238 1203 1243 1212; x_wconf 42' lang='lat'>⁸</span> 
     </span>
    </p>
   </div>
   <div class='ocr_carea' id='block_1_9' title="bbox 124 1268 1076 1574">
    <p class='ocr_par' dir='ltr' id='par_1_9' title="bbox 124 1268 1076 1574">
     <span class='ocr_line' id='line_1_13' title="bbox 132 1268 1073 1386; baseline 0.018 -37"><span class='ocrx_word' id='word_1_92' title='bbox 132 1268 318 1386; x_wconf 28' lang='lat' dir='ltr'><strong>...um</strong></span> <span class='ocrx_word' id='word_1_93' title='bbox 334 1309 411 1355; x_wconf 84' lang='lat' dir='ltr'>esset</span> <span class='ocrx_word' id='word_1_94' title='bbox 450 1299 525 1370; x_wconf 86' lang='lat' dir='ltr'>Quid</span> <span class='ocrx_word' id='word_1_95' title='bbox 549 1319 612 1374; x_wconf 74' lang='lat' dir='ltr'>ergo</span> <span class='ocrx_word' id='word_1_96' title='bbox 633 1303 713 1360; x_wconf 80' lang='lat' dir='ltr'>tulit?</span> <span class='ocrx_word' id='word_1_97' title='bbox 736 1322 834 1377; x_wconf 88' lang='lat' dir='ltr'>nempe</span> <span class='ocrx_word' id='word_1_98' title='bbox 852 1316 882 1363; x_wconf 92' lang='lat' dir='ltr'>ut</span> <span class='ocrx_word' id='word_1_99' title='bbox 899 1319 1073 1379; x_wconf 80' lang='lat' dir='ltr'>quaereretur.</span> 
     </span>
     <span class='ocr_line' id='line_1_14' title="bbox 124 1374 1076 1471; baseline 0.019 -36"><span class='ocrx_word' id='word_1_100' title='bbox 124 1374 319 1471; x_wconf 45' lang='lat' dir='ltr'>rnfffiffl</span> <span class='ocrx_word' id='word_1_101' title='bbox 334 1383 408 1455; x_wconf 89' lang='lat' dir='ltr'>Quid</span> <span class='ocrx_word' id='word_1_102' title='bbox 425 1402 505 1458; x_wconf 88' lang='lat' dir='ltr'>porro</span> <span class='ocrx_word' id='word_1_103' title='bbox 522 1389 703 1460; x_wconf 87' lang='lat' dir='ltr'>quaerendum</span> <span class='ocrx_word' id='word_1_104' title='bbox 727 1393 787 1448; x_wconf 80' lang='lat' dir='ltr'>est?</span> <span class='ocrx_word' id='word_1_105' title='bbox 812 1393 947 1451; x_wconf 78' lang='lat' dir='ltr'>factumne</span> <span class='ocrx_word' id='word_1_106' title='bbox 974 1395 1027 1453; x_wconf 81' lang='lat' dir='ltr'>sit?</span> <span class='ocrx_word' id='word_1_107' title='bbox 1047 1406 1076 1453; x_wconf 94' lang='lat' dir='ltr'>at</span> 
     </span>
     <span class='ocr_line' id='line_1_15' title="bbox 124 1479 1075 1574; baseline 0.023 -53"><span class='ocrx_word' id='word_1_108' title='bbox 124 1479 162 1521; x_wconf 72' lang='lat' dir='ltr'>t-</span> <span class='ocrx_word' id='word_1_109' title='bbox 178 1481 314 1574; x_wconf 42' lang='lat' dir='ltr'>amuda:</span> <span class='ocrx_word' id='word_1_110' title='bbox 331 1485 452 1533; x_wconf 85' lang='lat' dir='ltr'>constat:</span> <span class='ocrx_word' id='word_1_111' title='bbox 469 1494 487 1531; x_wconf 89' lang='lat' dir='ltr'>a</span> <span class='ocrx_word' id='word_1_112' title='bbox 505 1480 580 1548; x_wconf 82' lang='lat' dir='ltr'>quo?</span> <span class='ocrx_word' id='word_1_113' title='bbox 596 1488 625 1535; x_wconf 89' lang='lat' dir='ltr'>at</span> <span class='ocrx_word' id='word_1_114' title='bbox 641 1490 723 1551; x_wconf 84' lang='lat' dir='ltr'>paret.</span> <span class='ocrx_word' id='word_1_115' title='bbox 761 1480 837 1539; x_wconf 88' lang='lat' dir='ltr'>Vidit</span> <span class='ocrx_word' id='word_1_116' title='bbox 854 1482 932 1554; x_wconf 79' lang='lat' dir='ltr'>igitur</span> <span class='ocrx_word' id='word_1_117' title='bbox 949 1483 1029 1541; x_wconf 89' lang='lat' dir='ltr'>etiam</span> <span class='ocrx_word' id='word_1_118' title='bbox 1046 1484 1075 1543; x_wconf 92' lang='lat' dir='ltr'>in</span> 
     </span>
    </p>
   </div>
   <div class='ocr_carea' id='block_1_10' title="bbox 99 1536 1074 1900">
    <p class='ocr_par' dir='ltr' id='par_1_10' title="bbox 99 1536 1074 1900">
     <span class='ocr_line' id='line_1_16' title="bbox 99 1536 1074 1648; baseline 0.014 -31"><span class='ocrx_word' id='word_1_119' title='bbox 99 1536 315 1632; x_wconf 49' lang='lat' dir='ltr'>2435..ss</span> <span class='ocrx_word' id='word_1_120' title='bbox 331 1563 499 1622; x_wconf 75' lang='lat' dir='ltr'>consessione</span> <span class='ocrx_word' id='word_1_121' title='bbox 515 1566 577 1622; x_wconf 83' lang='lat' dir='ltr'>sacti</span> <span class='ocrx_word' id='word_1_122' title='bbox 592 1564 655 1623; x_wconf 91' lang='lat' dir='ltr'>iuris</span> <span class='ocrx_word' id='word_1_123' title='bbox 671 1579 760 1626; x_wconf 84' lang='lat' dir='ltr'>tamen</span> <span class='ocrx_word' id='word_1_124' title='bbox 775 1570 958 1629; x_wconf 79' lang='lat' dir='ltr'>defensionem</span> <span class='ocrx_word' id='word_1_125' title='bbox 975 1573 1074 1648; x_wconf 85' lang='lat' dir='ltr'>suscipi</span> 
     </span>
     <span class='ocr_line' id='line_1_17' title="bbox 115 1638 1074 1736; baseline 0.017 -32"><span class='ocrx_word' id='word_1_126' title='bbox 115 1638 216 1735; x_wconf 43' lang='grc' dir='ltr'>πῖ</span> <span class='ocrx_word' id='word_1_127' title='bbox 230 1651 266 1731; x_wconf 61' lang='lat' dir='ltr'><strong>ff</strong></span> <span class='ocrx_word' id='word_1_128' title='bbox 274 1639 314 1732; x_wconf 53' lang='grc' dir='ltr'>ζ</span> <span class='ocrx_word' id='word_1_129' title='bbox 331 1665 419 1720; x_wconf 88' lang='lat' dir='ltr'>posse.</span> <span class='ocrx_word' id='word_1_130' title='bbox 456 1652 538 1722; x_wconf 91' lang='lat' dir='ltr'>Quod</span> <span class='ocrx_word' id='word_1_131' title='bbox 553 1653 604 1710; x_wconf 89' lang='lat' dir='ltr'>nisi</span> <span class='ocrx_word' id='word_1_132' title='bbox 621 1655 730 1714; x_wconf 92' lang='lat' dir='ltr'>vidisset</span> <span class='ocrx_word' id='word_1_133' title='bbox 744 1675 823 1730; x_wconf 84' lang='lat' dir='ltr'>posse</span> <span class='ocrx_word' id='word_1_134' title='bbox 837 1660 941 1716; x_wconf 89' lang='lat' dir='ltr'>absolvi</span> <span class='ocrx_word' id='word_1_135' title='bbox 953 1678 1015 1719; x_wconf 90' lang='lat' dir='ltr'>eum</span> <span class='ocrx_word' id='word_1_136' title='bbox 1027 1661 1074 1736; x_wconf 91' lang='lat' dir='ltr'>qui</span> 
     </span>
     <span class='ocr_line' id='line_1_18' title="bbox 112 1737 1073 1837; baseline 0.021 -50"><span class='ocrx_word' id='word_1_137' title='bbox 112 1742 189 1833; x_wconf 48' lang='grc' dir='ltr'>ξι</span> <span class='ocrx_word' id='word_1_138' title='bbox 184 1741 313 1837; x_wconf 39' lang='lat'>¹:31:</span> <span class='ocrx_word' id='word_1_139' title='bbox 329 1737 461 1808; x_wconf 75' lang='lat' dir='ltr'>latmetur,</span> <span class='ocrx_word' id='word_1_140' title='bbox 483 1757 566 1812; x_wconf 89' lang='lat' dir='ltr'>quum</span> <span class='ocrx_word' id='word_1_141' title='bbox 586 1741 688 1799; x_wconf 88' lang='lat' dir='ltr'>videret</span> <span class='ocrx_word' id='word_1_142' title='bbox 708 1762 759 1801; x_wconf 90' lang='lat' dir='ltr'>nos</span> <span class='ocrx_word' id='word_1_143' title='bbox 776 1745 859 1814; x_wconf 78' lang='lat' dir='ltr'>fateri,</span> <span class='ocrx_word' id='word_1_144' title='bbox 877 1764 965 1819; x_wconf 90' lang='lat' dir='ltr'>neque</span> <span class='ocrx_word' id='word_1_145' title='bbox 981 1749 1073 1821; x_wconf 89' lang='lat' dir='ltr'>quaeri</span> 
     </span>
     <span class='ocr_line' id='line_1_19' title="bbox 112 1827 1071 1900; baseline 0.011 -16"><span class='ocrx_word' id='word_1_146' title='bbox 112 1845 174 1884; x_wconf 56' lang='lat' dir='ltr'>aa</span> <span class='ocrx_word' id='word_1_147' title='bbox 185 1845 312 1887; x_wconf 61' lang='lat' dir='ltr'>mr·-</span> <span class='ocrx_word' id='word_1_148' title='bbox 329 1843 456 1899; x_wconf 90' lang='lat' dir='ltr'>umquam</span> <span class='ocrx_word' id='word_1_149' title='bbox 471 1827 597 1900; x_wconf 87' lang='lat' dir='ltr'>iussisset,</span> <span class='ocrx_word' id='word_1_150' title='bbox 616 1849 667 1888; x_wconf 87' lang='lat' dir='ltr'>nec</span> <span class='ocrx_word' id='word_1_151' title='bbox 681 1831 758 1890; x_wconf 89' lang='lat' dir='ltr'>vobis</span> <span class='ocrx_word' id='word_1_152' title='bbox 775 1844 829 1891; x_wconf 85' lang='lat' dir='ltr'>tam</span> <span class='ocrx_word' id='word_1_153' title='bbox 845 1835 916 1892; x_wconf 88' lang='lat' dir='ltr'>hanc</span> <span class='ocrx_word' id='word_1_154' title='bbox 930 1837 1071 1896; x_wconf 77' lang='lat' dir='ltr'>salutarem</span> 
     </span>
    </p>
   </div>
   <div class='ocr_carea' id='block_1_11' title="bbox 110 1896 1069 1998">
    <p class='ocr_par' dir='ltr' id='par_1_11' title="bbox 110 1896 1069 1998">
     <span class='ocr_line' id='line_1_20' title="bbox 110 1896 1069 1998; baseline 0.019 -30"><span class='ocrx_word' id='word_1_155' title='bbox 110 1896 312 1998; x_wconf 49' lang='lat' dir='ltr'>am</span> <span class='ocrx_word' id='word_1_156' title='bbox 329 1914 358 1971; x_wconf 74' lang='lat' dir='ltr'>u</span> <span class='ocrx_word' id='word_1_157' title='bbox 369 1915 512 1975; x_wconf 65' lang='lat' dir='ltr'>:urrann</span> <span class='ocrx_word' id='word_1_158' title='bbox 526 1918 628 1976; x_wconf 69' lang='lat' dir='ltr'>:iveram</span> <span class='ocrx_word' id='word_1_159' title='bbox 643 1939 723 1993; x_wconf 68' lang='lat' dir='ltr'>quam</span> <span class='ocrx_word' id='word_1_160' title='bbox 738 1921 810 1979; x_wconf 69' lang='lat' dir='ltr'>:urm</span> <span class='ocrx_word' id='word_1_161' title='bbox 826 1923 927 1982; x_wconf 69' lang='lat' dir='ltr'>mom</span> <span class='ocrx_word' id='word_1_162' title='bbox 943 1924 1069 1986; x_wconf 64' lang='lat' dir='ltr'>reum:</span> 
     </span>
    </p>
   </div>
   <div class='ocr_carea' id='block_1_12' title="bbox 103 2000 1070 2262">
    <p class='ocr_par' dir='ltr' id='par_1_12' title="bbox 103 2000 1070 2262">
     <span class='ocr_line' id='line_1_21' title="bbox 103 2000 1070 2096; baseline 0.019 -43"><span class='ocrx_word' id='word_1_163' title='bbox 103 2000 314 2096; x_wconf 39' lang='grc' dir='ltr'>ζωή</span> <span class='ocrx_word' id='word_1_164' title='bbox 330 2002 399 2058; x_wconf 87' lang='lat' dir='ltr'>Mihi</span> <span class='ocrx_word' id='word_1_165' title='bbox 414 2021 476 2061; x_wconf 91' lang='lat' dir='ltr'>vero</span> <span class='ocrx_word' id='word_1_166' title='bbox 492 2007 543 2064; x_wconf 89' lang='lat' dir='ltr'>Cn.</span> <span class='ocrx_word' id='word_1_167' title='bbox 560 2008 703 2081; x_wconf 88' lang='lat' dir='ltr'>Pompeius</span> <span class='ocrx_word' id='word_1_168' title='bbox 717 2027 771 2068; x_wconf 90' lang='lat' dir='ltr'>non</span> <span class='ocrx_word' id='word_1_169' title='bbox 787 2012 869 2068; x_wconf 91' lang='lat' dir='ltr'>modo</span> <span class='ocrx_word' id='word_1_170' title='bbox 885 2011 950 2068; x_wconf 88' lang='lat' dir='ltr'>nihil</span> <span class='ocrx_word' id='word_1_171' title='bbox 965 2013 1070 2086; x_wconf 65' lang='lat' dir='ltr'>marius</span> 
     </span>
     <span class='ocr_line' id='line_1_22' title="bbox 104 2091 1069 2168; baseline 0.011 -18"><span class='ocrx_word' id='word_1_172' title='bbox 104 2108 258 2156; x_wconf 66' lang='grc' dir='ltr'>ιιι-«ιιι.</span> <span class='ocrx_word' id='word_1_173' title='bbox 328 2100 422 2149; x_wconf 84' lang='lat' dir='ltr'>oonna</span> <span class='ocrx_word' id='word_1_174' title='bbox 445 2091 577 2152; x_wconf 84' lang='lat' dir='ltr'>Milonem</span> <span class='ocrx_word' id='word_1_175' title='bbox 601 2093 740 2168; x_wconf 83' lang='lat' dir='ltr'>iudicasse,</span> <span class='ocrx_word' id='word_1_176' title='bbox 766 2097 814 2156; x_wconf 85' lang='lat' dir='ltr'>scd</span> <span class='ocrx_word' id='word_1_177' title='bbox 840 2097 920 2157; x_wconf 82' lang='lat' dir='ltr'>ctiam</span> <span class='ocrx_word' id='word_1_178' title='bbox 946 2099 1069 2161; x_wconf 83' lang='lat' dir='ltr'>statuisse</span> 
     </span>
     <span class='ocr_line' id='line_1_23' title="bbox 326 2178 1068 2262; baseline 0.016 -25"><span class='ocrx_word' id='word_1_179' title='bbox 326 2178 430 2239; x_wconf 84' lang='lat' dir='ltr'>videttu</span> <span class='ocrx_word' id='word_1_180' title='bbox 440 2182 506 2255; x_wconf 92' lang='lat' dir='ltr'>quid</span> <span class='ocrx_word' id='word_1_181' title='bbox 521 2203 569 2242; x_wconf 88' lang='lat' dir='ltr'>vos</span> <span class='ocrx_word' id='word_1_182' title='bbox 583 2185 611 2242; x_wconf 92' lang='lat' dir='ltr'>in</span> <span class='ocrx_word' id='word_1_183' title='bbox 625 2185 769 2245; x_wconf 86' lang='lat' dir='ltr'>iudicando</span> <span class='ocrx_word' id='word_1_184' title='bbox 783 2199 903 2262; x_wconf 85' lang='lat' dir='ltr'>spectare</span> <span class='ocrx_word' id='word_1_185' title='bbox 916 2201 1068 2261; x_wconf 88' lang='lat' dir='ltr'>oporteret:</span> 
     </span>
    </p>
   </div>
   <div class='ocr_carea' id='block_1_13' title="bbox 99 2265 1067 2346">
    <p class='ocr_par' dir='ltr' id='par_1_13' title="bbox 99 2265 1067 2346">
     <span class='ocr_line' id='line_1_24' title="bbox 99 2265 1067 2346; baseline 0.02 -25"><span class='ocrx_word' id='word_1_186' title='bbox 99 2265 424 2343; x_wconf 68' lang='lat' dir='ltr'>umquinonpoenam</span> <span class='ocrx_word' id='word_1_187' title='bbox 431 2274 1067 2346; x_wconf 78' lang='lat' dir='ltr'>consessioniscddetensionemdeditiscausam</span> 
     </span>
    </p>
   </div>
   <div class='ocr_carea' id='block_1_14' title="bbox 95 2346 1156 2439">
    <p class='ocr_par' dir='ltr' id='par_1_14' title="bbox 95 2346 1156 2439">
     <span class='ocr_line' id='line_1_25' title="bbox 95 2346 1156 2439; baseline 0.018 -30"><span class='ocrx_word' id='word_1_188' title='bbox 95 2346 247 2412; x_wconf 76' lang='lat' dir='ltr'>interimas</span> <span class='ocrx_word' id='word_1_189' title='bbox 265 2360 445 2430; x_wconf 87' lang='lat' dir='ltr'>quaerendam</span> <span class='ocrx_word' id='word_1_190' title='bbox 461 2381 516 2420; x_wconf 92' lang='lat' dir='ltr'>non</span> <span class='ocrx_word' id='word_1_191' title='bbox 532 2363 666 2422; x_wconf 91' lang='lat' dir='ltr'>interitum</span> <span class='ocrx_word' id='word_1_192' title='bbox 687 2365 796 2439; x_wconf 85' lang='lat' dir='ltr'>putavit</span> <span class='ocrx_word' id='word_1_193' title='bbox 834 2368 893 2425; x_wconf 87' lang='lat' dir='ltr'>Iam</span> <span class='ocrx_word' id='word_1_194' title='bbox 909 2368 974 2426; x_wconf 90' lang='lat' dir='ltr'>illud</span> <span class='ocrx_word' id='word_1_195' title='bbox 994 2369 1066 2430; x_wconf 87' lang='lat' dir='ltr'>dicet</span> <span class='ocrx_word' id='word_1_196' title='bbox 1079 2372 1111 2428; x_wconf 81' lang='lat' dir='ltr'>td</span> <span class='ocrx_word' id='word_1_197' title='bbox 1154 2402 1156 2407; x_wconf 95' lang='lat'>·</span> 
     </span>
    </p>
   </div>
   <div class='ocr_carea' id='block_1_15' title="bbox 85 2436 1099 3689">
    <p class='ocr_par' dir='ltr' id='par_1_15' title="bbox 85 2436 1099 3689">
     <span class='ocr_line' id='line_1_26' title="bbox 95 2436 1066 2526; baseline 0.018 -24"><span class='ocrx_word' id='word_1_198' title='bbox 95 2436 183 2516; x_wconf 65' lang='lat' dir='ltr'>ipse</span> <span class='ocrx_word' id='word_1_199' title='bbox 193 2445 323 2519; x_wconf 81' lang='lat' dir='ltr'>prolecto,</span> <span class='ocrx_word' id='word_1_200' title='bbox 338 2451 412 2522; x_wconf 92' lang='lat' dir='ltr'>quod</span> <span class='ocrx_word' id='word_1_201' title='bbox 426 2468 475 2508; x_wconf 90' lang='lat' dir='ltr'>sua</span> <span class='ocrx_word' id='word_1_202' title='bbox 490 2463 586 2526; x_wconf 85' lang='lat' dir='ltr'>sponte</span> <span class='ocrx_word' id='word_1_203' title='bbox 600 2454 670 2525; x_wconf 84' lang='lat' dir='ltr'>iecit,</span> <span class='ocrx_word' id='word_1_204' title='bbox 688 2456 820 2514; x_wconf 88' lang='lat' dir='ltr'>Publione</span> <span class='ocrx_word' id='word_1_205' title='bbox 837 2458 934 2517; x_wconf 91' lang='lat' dir='ltr'>Clodio</span> <span class='ocrx_word' id='word_1_206' title='bbox 951 2460 1066 2519; x_wconf 88' lang='lat' dir='ltr'>tribuen-</span> 
     </span>
     <span class='ocr_line' id='line_1_27' title="bbox 145 2536 1065 2639; baseline 0.018 -47"><span class='ocrx_word' id='word_1_207' title='bbox 145 2584 303 2637; x_wconf 63' lang='lat' dir='ltr'>tte-umre-</span> <span class='ocrx_word' id='word_1_208' title='bbox 321 2536 386 2639; x_wconf 82' lang='lat' dir='ltr'>dum</span> <span class='ocrx_word' id='word_1_209' title='bbox 398 2541 495 2613; x_wconf 90' lang='lat' dir='ltr'>putarit</span> <span class='ocrx_word' id='word_1_210' title='bbox 506 2560 543 2599; x_wconf 90' lang='lat' dir='ltr'>an</span> <span class='ocrx_word' id='word_1_211' title='bbox 555 2544 673 2618; x_wconf 88' lang='lat' dir='ltr'>tempori.</span> <span class='ocrx_word' id='word_1_212' title='bbox 712 2545 794 2603; x_wconf 89' lang='lat' dir='ltr'>Domi</span> <span class='ocrx_word' id='word_1_213' title='bbox 809 2565 872 2604; x_wconf 89' lang='lat' dir='ltr'>suae</span> <span class='ocrx_word' id='word_1_214' title='bbox 884 2549 1065 2611; x_wconf 88' lang='lat' dir='ltr'>nobilissimus</span> 
     </span>
     <span class='ocr_line' id='line_1_28' title="bbox 89 2634 1066 2730; baseline 0.02 -54"><span class='ocrx_word' id='word_1_215' title='bbox 89 2634 164 2730; x_wconf 57' lang='grc' dir='ltr'>ιιι.</span> <span class='ocrx_word' id='word_1_216' title='bbox 177 2637 205 2678; x_wconf 79' lang='lat' dir='ltr'>a·</span> <span class='ocrx_word' id='word_1_217' title='bbox 215 2641 272 2680; x_wconf 72' lang='lat' dir='ltr'>aens</span> <span class='ocrx_word' id='word_1_218' title='bbox 282 2651 304 2680; x_wconf 74' lang='lat' dir='ltr'>a</span> <span class='ocrx_word' id='word_1_219' title='bbox 320 2643 367 2697; x_wconf 84' lang='lat' dir='ltr'>vrr,</span> <span class='ocrx_word' id='word_1_220' title='bbox 382 2640 489 2687; x_wconf 85' lang='lat' dir='ltr'>senatus</span> <span class='ocrx_word' id='word_1_221' title='bbox 506 2644 685 2705; x_wconf 74' lang='lat' dir='ltr'>propugnator</span> <span class='ocrx_word' id='word_1_222' title='bbox 701 2643 782 2707; x_wconf 89' lang='lat' dir='ltr'>atque</span> <span class='ocrx_word' id='word_1_223' title='bbox 803 2635 854 2692; x_wconf 89' lang='lat' dir='ltr'>illis</span> <span class='ocrx_word' id='word_1_224' title='bbox 872 2637 981 2708; x_wconf 87' lang='lat' dir='ltr'>quidem</span> <span class='ocrx_word' id='word_1_225' title='bbox 999 2648 1066 2697; x_wconf 90' lang='lat' dir='ltr'>tem·</span> 
     </span>
     <span class='ocr_line' id='line_1_29' title="bbox 85 2691 1064 2864; baseline 0.017 -95"><span class='ocrx_word' id='word_1_226' title='bbox 85 2691 306 2846; x_wconf 43' lang='grc' dir='ltr'>ἐξὲξ</span> <span class='ocrx_word' id='word_1_227' title='bbox 319 2715 435 2860; x_wconf 53' lang='grc' dir='ltr'><em>Ἢ</em></span> <span class='ocrx_word' id='word_1_228' title='bbox 448 2735 535 2818; x_wconf 68' lang='lat' dir='ltr'>passm</span> <span class='ocrx_word' id='word_1_229' title='bbox 546 2732 690 2864; x_wconf 39' lang='lat' dir='ltr'>patronis,</span> <span class='ocrx_word' id='word_1_230' title='bbox 708 2725 855 2781; x_wconf 89' lang='lat' dir='ltr'>avunculus</span> <span class='ocrx_word' id='word_1_231' title='bbox 872 2725 950 2784; x_wconf 88' lang='lat' dir='ltr'>huius</span> <span class='ocrx_word' id='word_1_232' title='bbox 968 2726 1064 2786; x_wconf 90' lang='lat' dir='ltr'>iudicis</span> 
     </span>
     <span class='ocr_line' id='line_1_30' title="bbox 319 2809 1048 2859; baseline 0.015 -42"><span class='ocrx_word' id='word_1_233' title='bbox 319 2821 338 2859; x_wconf 61' lang='lat' dir='ltr'><strong>n</strong></span> <span class='ocrx_word' id='word_1_234' title='bbox 791 2809 798 2822; x_wconf 83' lang='lat'><strong>.</strong></span> <span class='ocrx_word' id='word_1_235' title='bbox 864 2811 870 2824; x_wconf 93' lang='lat'>.</span> <span class='ocrx_word' id='word_1_236' title='bbox 1041 2816 1048 2828; x_wconf 90' lang='lat'><strong><em>.</em></strong></span> 
     </span>
     <span class='ocr_line' id='line_1_31' title="bbox 90 2980 1084 3213; baseline 0.019 -94"><span class='ocrx_word' id='word_1_237' title='bbox 90 3071 168 3120; x_wconf 60' lang='lat' dir='ltr'>eac</span> <span class='ocrx_word' id='word_1_238' title='bbox 202 2980 924 3213; x_wconf 33' lang='lat' dir='ltr'>mmrfflffifbmiaenffmqfflsdffi</span> <span class='ocrx_word' id='word_1_239' title='bbox 934 3003 1062 3151; x_wconf 50' lang='lat' dir='ltr'>mg</span> <span class='ocrx_word' id='word_1_240' title='bbox 1082 3058 1084 3062; x_wconf 61' lang='grc'><strong>“</strong></span> 
     </span>
     <span class='ocr_line' id='line_1_32' title="bbox 305 3157 880 3214; baseline 0.016 -5"><span class='ocrx_word' id='word_1_241' title='bbox 305 3170 370 3210; x_wconf 89' lang='lat' dir='ltr'>num</span> <span class='ocrx_word' id='word_1_242' title='bbox 400 3197 407 3214; x_wconf 93' lang='lat'><strong>.</strong></span> <span class='ocrx_word' id='word_1_243' title='bbox 620 3157 627 3171; x_wconf 79' lang='lat'><em>⁰</em></span> <span class='ocrx_word' id='word_1_244' title='bbox 751 3159 758 3173; x_wconf 73' lang='lat'><em>⁶</em></span> <span class='ocrx_word' id='word_1_245' title='bbox 852 3161 880 3176; x_wconf 75' lang='lat'>&#39;⁶</span> 
     </span>
     <span class='ocr_line' id='line_1_33' title="bbox 89 3157 1060 3349; baseline 0.016 -53"><span class='ocrx_word' id='word_1_246' title='bbox 89 3158 278 3225; x_wconf 52' lang='lat' dir='ltr'>‘w‘</span> <span class='ocrx_word' id='word_1_247' title='bbox 175 3252 246 3303; x_wconf 60' lang='lat' dir='ltr'>..t</span> <span class='ocrx_word' id='word_1_248' title='bbox 262 3171 355 3301; x_wconf 62' lang='lat' dir='ltr'>n,</span> <span class='ocrx_word' id='word_1_249' title='bbox 371 3244 431 3349; x_wconf 72' lang='lat' dir='ltr'>u</span> <span class='ocrx_word' id='word_1_250' title='bbox 475 3157 1060 3233; x_wconf 53' lang='lat' dir='ltr'>“vm</span> 
     </span>
     <span class='ocr_line' id='line_1_34' title="bbox 108 3339 1058 3539; baseline 0.001 -51"><span class='ocrx_word' id='word_1_251' title='bbox 108 3390 297 3539; x_wconf 51' lang='lat' dir='ltr'>&amp;aa</span> <span class='ocrx_word' id='word_1_252' title='bbox 312 3339 746 3498; x_wconf 48' lang='lat' dir='ltr'>amitttat:</span> <span class='ocrx_word' id='word_1_253' title='bbox 755 3352 864 3500; x_wconf 67' lang='lat' dir='ltr'>tt:</span> <span class='ocrx_word' id='word_1_254' title='bbox 876 3358 1058 3502; x_wconf 59' lang='lat' dir='ltr'>illidi</span> 
     </span>
     <span class='ocr_line' id='line_1_35' title="bbox 117 3501 1099 3604; baseline 0.01 -38"><span class='ocrx_word' id='word_1_255' title='bbox 117 3501 295 3604; x_wconf 41' lang='lat'>,3³2⁵</span> <span class='ocrx_word' id='word_1_256' title='bbox 311 3512 517 3570; x_wconf 81' lang='lat' dir='ltr'>essesnortem?</span> <span class='ocrx_word' id='word_1_257' title='bbox 531 3512 604 3568; x_wconf 88' lang='lat' dir='ltr'>Num</span> <span class='ocrx_word' id='word_1_258' title='bbox 614 3511 1099 3600; x_wconf 62' lang='lat' dir='ltr'>im&#39;nrrullaquaestiodedtiicani&#39;ry</span> 
     </span>
     <span class='ocr_line' id='line_1_36' title="bbox 121 3596 1054 3689; baseline 0.018 -40"><span class='ocrx_word' id='word_1_259' title='bbox 121 3596 297 3655; x_wconf 58' lang='lat' dir='ltr'>bna-a·</span> <span class='ocrx_word' id='word_1_260' title='bbox 314 3609 400 3662; x_wconf 84' lang='lat' dir='ltr'>morte</span> <span class='ocrx_word' id='word_1_261' title='bbox 416 3600 472 3659; x_wconf 84' lang='lat' dir='ltr'>tata</span> <span class='ocrx_word' id='word_1_262' title='bbox 491 3602 553 3660; x_wconf 83' lang='lat' dir='ltr'>est?</span> <span class='ocrx_word' id='word_1_263' title='bbox 571 3612 644 3660; x_wconf 87' lang='lat' dir='ltr'>ceste</span> <span class='ocrx_word' id='word_1_264' title='bbox 664 3602 754 3689; x_wconf 86' lang='lat' dir='ltr'>nulls:</span> <span class='ocrx_word' id='word_1_265' title='bbox 774 3601 839 3676; x_wconf 89' lang='lat' dir='ltr'>quid</span> <span class='ocrx_word' id='word_1_266' title='bbox 858 3602 915 3662; x_wconf 78' lang='lat' dir='ltr'>ita?</span> <span class='ocrx_word' id='word_1_267' title='bbox 935 3603 1054 3682; x_wconf 81' lang='lat' dir='ltr'>quinon</span> 
     </span>
    </p>
   </div>
   <div class='ocr_carea' id='block_1_16' title="bbox 926 3718 938 3759">
    <p class='ocr_par' dir='ltr' id='par_1_16' title="bbox 926 3718 938 3759">
     <span class='ocr_line' id='line_1_37' title="bbox 926 3718 938 3759; baseline 0 0"><span class='ocrx_word' id='word_1_268' title='bbox 926 3718 938 3759; x_wconf 74' lang='lat' dir='ltr'>l</span> 
     </span>
    </p>
   </div>
   <div class='ocr_carea' id='block_1_17' title="bbox 1195 290 1218 449">
    <p class='ocr_par' dir='ltr' id='par_1_17' title="bbox 1195 290 1218 449">
     <span class='ocr_line' id='line_1_38' title="bbox 1195 290 1218 449; baseline 0 0"><span class='ocrx_word' id='word_1_269' title='bbox 1195 290 1218 449; x_wconf 78' lang='lat' dir='ltr'>&#39;l</span> 
     </span>
    </p>
   </div>
   <div class='ocr_carea' id='block_1_18' title="bbox 1215 1283 1219 1375">
    <p class='ocr_par' dir='ltr' id='par_1_18' title="bbox 1215 1283 1219 1375">
     <span class='ocr_line' id='line_1_39' title="bbox 1215 1283 1219 1375; baseline 0 0"><span class='ocrx_word' id='word_1_270' title='bbox 1215 1283 1219 1375; x_wconf 80' lang='lat' dir='ltr'>l</span> 
     </span>
    </p>
   </div>
   <div class='ocr_carea' id='block_1_19' title="bbox 1242 3342 2365 3684">
    <p class='ocr_par' dir='ltr' id='par_1_19' title="bbox 1242 3342 2365 3684">
     <span class='ocr_line' id='line_1_40' title="bbox 1242 3342 2298 3418; baseline -0.011 -4"><span class='ocrx_word' id='word_1_271' title='bbox 1242 3364 1274 3378; x_wconf 82' lang='grc'>’““</span> <span class='ocrx_word' id='word_1_272' title='bbox 1351 3342 2298 3418; x_wconf 66' lang='lat' dir='ltr'>meur-rouretodiitetiserexouemiseiusmmbuaeffugirex</span> 
     </span>
     <span class='ocr_line' id='line_1_41' title="bbox 1265 3413 2298 3519; baseline -0.013 -17"><span class='ocrx_word' id='word_1_273' title='bbox 1265 3448 1270 3519; x_wconf 75' lang='lat'>,²</span> <span class='ocrx_word' id='word_1_274' title='bbox 1351 3413 1534 3514; x_wconf 42' lang='lat' dir='ltr'>aaz:</span> <span class='ocrx_word' id='word_1_275' title='bbox 1551 3438 1649 3512; x_wconf 88' lang='lat' dir='ltr'>quibua</span> <span class='ocrx_word' id='word_1_276' title='bbox 1660 3438 1682 3494; x_wconf 80' lang='lat' dir='ltr'>si</span> <span class='ocrx_word' id='word_1_277' title='bbox 1695 3454 1739 3494; x_wconf 91' lang='lat' dir='ltr'>me</span> <span class='ocrx_word' id='word_1_278' title='bbox 1751 3453 1808 3494; x_wconf 91' lang='lat' dir='ltr'>non</span> <span class='ocrx_word' id='word_1_279' title='bbox 1819 3437 1862 3493; x_wconf 90' lang='lat' dir='ltr'>vel</span> <span class='ocrx_word' id='word_1_280' title='bbox 1874 3452 1935 3491; x_wconf 80' lang='lat' dir='ltr'>mea</span> <span class='ocrx_word' id='word_1_281' title='bbox 1948 3435 1991 3492; x_wconf 84' lang='lat' dir='ltr'>vel</span> <span class='ocrx_word' id='word_1_282' title='bbox 2005 3432 2179 3507; x_wconf 84' lang='lat' dir='ltr'>reipublicae</span> <span class='ocrx_word' id='word_1_283' title='bbox 2190 3433 2298 3490; x_wconf 77' lang='lat' dir='ltr'>fortuna</span> 
     </span>
     <span class='ocr_line' id='line_1_42' title="bbox 1260 3516 2365 3616; baseline -0.025 -23"><span class='ocrx_word' id='word_1_284' title='bbox 1260 3543 1265 3593; x_wconf 91' lang='lat'>.·</span> <span class='ocrx_word' id='word_1_285' title='bbox 1352 3516 1493 3558; x_wconf 63' lang='lat'>‘⁸⁰⁸⁶&#39;-</span> <span class='ocrx_word' id='word_1_286' title='bbox 1549 3518 2365 3616; x_wconf 44' lang='lat' dir='ltr'>mmcqmmoemuetummfaswffc</span> 
     </span>
     <span class='ocr_line' id='line_1_43' title="bbox 1244 3583 2348 3684; baseline -0.03 0"><span class='ocrx_word' id='word_1_287' title='bbox 1244 3653 1248 3662; x_wconf 93' lang='lat'>·</span> <span class='ocrx_word' id='word_1_288' title='bbox 1307 3593 2255 3684; x_wconf 49' lang='lat' dir='ltr'>bnslantueununmmucquummtsuxwm</span> <span class='ocrx_word' id='word_1_289' title='bbox 2289 3583 2348 3612; x_wconf 67' lang='lat'>‘¹⁸¹</span> 
     </span>
    </p>
   </div>
   <div class='ocr_carea' id='block_1_20' title="bbox 1648 291 2300 366">
    <p class='ocr_par' dir='ltr' id='par_1_20' title="bbox 1648 291 2300 366">
     <span class='ocr_line' id='line_1_44' title="bbox 1648 291 2300 366; baseline -0.005 0"><span class='ocrx_word' id='word_1_290' title='bbox 1648 311 1705 366; x_wconf 72' lang='lat' dir='ltr'>pro</span> <span class='ocrx_word' id='word_1_291' title='bbox 1726 309 1755 364; x_wconf 77' lang='lat' dir='ltr'>r</span> <span class='ocrx_word' id='word_1_292' title='bbox 1774 291 1864 363; x_wconf 70' lang='lat' dir='ltr'>Armi</span> <span class='ocrx_word' id='word_1_293' title='bbox 1881 305 1987 362; x_wconf 74' lang='lat' dir='ltr'>rrmm.</span> <span class='ocrx_word' id='word_1_294' title='bbox 2285 307 2300 363; x_wconf 87' lang='lat' dir='ltr'>r</span> 
     </span>
    </p>
   </div>
   <div class='ocr_carea' id='block_1_21' title="bbox 1355 399 2347 2002">
    <p class='ocr_par' dir='ltr' id='par_1_21' title="bbox 1355 399 2347 2002">
     <span class='ocr_line' id='line_1_45' title="bbox 1357 399 2301 478; baseline -0.015 0"><span class='ocrx_word' id='word_1_295' title='bbox 1357 425 1432 478; x_wconf 56' lang='grc' dir='ltr'>*ἃ</span> <span class='ocrx_word' id='word_1_296' title='bbox 1451 423 1540 468; x_wconf 67' lang='lat' dir='ltr'>aad·</span> <span class='ocrx_word' id='word_1_297' title='bbox 1557 413 1611 475; x_wconf 88' lang='lat' dir='ltr'>alio</span> <span class='ocrx_word' id='word_1_298' title='bbox 1628 414 1744 473; x_wconf 78' lang='lat' dir='ltr'>facinore</span> <span class='ocrx_word' id='word_1_299' title='bbox 1760 413 1824 472; x_wconf 86' lang='lat' dir='ltr'>clari</span> <span class='ocrx_word' id='word_1_300' title='bbox 1839 399 1963 472; x_wconf 83' lang='lat' dir='ltr'>homines</span> <span class='ocrx_word' id='word_1_301' title='bbox 1977 410 2032 469; x_wconf 80' lang='lat' dir='ltr'>alio</span> <span class='ocrx_word' id='word_1_302' title='bbox 2046 408 2152 468; x_wconf 81' lang='lat' dir='ltr'>obsmrri</span> <span class='ocrx_word' id='word_1_303' title='bbox 2166 419 2301 466; x_wconf 85' lang='lat' dir='ltr'>necantur.</span> 
     </span>
     <span class='ocr_line' id='line_1_46' title="bbox 1357 478 2302 575; baseline -0.013 -9"><span class='ocrx_word' id='word_1_304' title='bbox 1357 478 1538 521; x_wconf 51' lang='lat'>“⁵⁶⁰⁸</span> <span class='ocrx_word' id='word_1_305' title='bbox 1559 503 1667 563; x_wconf 86' lang='lat' dir='ltr'>Intersit</span> <span class='ocrx_word' id='word_1_306' title='bbox 1690 503 1760 561; x_wconf 89' lang='lat' dir='ltr'>inter</span> <span class='ocrx_word' id='word_1_307' title='bbox 1777 501 1848 560; x_wconf 84' lang='lat' dir='ltr'>vitae</span> <span class='ocrx_word' id='word_1_308' title='bbox 1865 499 2022 575; x_wconf 80' lang='lat' dir='ltr'>dignitatem</span> <span class='ocrx_word' id='word_1_309' title='bbox 2039 514 2203 557; x_wconf 87' lang='lat' dir='ltr'>summorum</span> <span class='ocrx_word' id='word_1_310' title='bbox 2220 507 2302 570; x_wconf 91' lang='lat' dir='ltr'>atque</span> 
     </span>
     <span class='ocr_line' id='line_1_47' title="bbox 1357 583 2301 667; baseline -0.014 -12"><span class='ocrx_word' id='word_1_311' title='bbox 1357 594 1521 667; x_wconf 76' lang='lat' dir='ltr'>tornomm3</span> <span class='ocrx_word' id='word_1_312' title='bbox 1544 612 1616 652; x_wconf 90' lang='lat' dir='ltr'>mors</span> <span class='ocrx_word' id='word_1_313' title='bbox 1640 591 1749 667; x_wconf 90' lang='lat' dir='ltr'>quidem</span> <span class='ocrx_word' id='word_1_314' title='bbox 1773 590 1846 648; x_wconf 85' lang='lat' dir='ltr'>illata</span> <span class='ocrx_word' id='word_1_315' title='bbox 1868 608 1917 665; x_wconf 86' lang='lat' dir='ltr'>per</span> <span class='ocrx_word' id='word_1_316' title='bbox 1940 589 2026 648; x_wconf 89' lang='lat' dir='ltr'>scelus</span> <span class='ocrx_word' id='word_1_317' title='bbox 2045 587 2131 646; x_wconf 87' lang='lat' dir='ltr'>isdem</span> <span class='ocrx_word' id='word_1_318' title='bbox 2154 597 2183 644; x_wconf 92' lang='lat' dir='ltr'>et</span> <span class='ocrx_word' id='word_1_319' title='bbox 2205 583 2301 660; x_wconf 83' lang='lat' dir='ltr'>po&#39;enis</span> 
     </span>
     <span class='ocr_line' id='line_1_48' title="bbox 1357 671 2316 759; baseline -0.015 -15"><span class='ocrx_word' id='word_1_320' title='bbox 1357 695 1478 744; x_wconf 82' lang='lat' dir='ltr'>teneant:</span> <span class='ocrx_word' id='word_1_321' title='bbox 1501 695 1530 744; x_wconf 90' lang='lat' dir='ltr'>et</span> <span class='ocrx_word' id='word_1_322' title='bbox 1552 682 1663 759; x_wconf 78' lang='lat' dir='ltr'>legibus</span> <span class='ocrx_word' id='word_1_323' title='bbox 1701 680 1760 739; x_wconf 91' lang='lat' dir='ltr'>Nisi</span> <span class='ocrx_word' id='word_1_324' title='bbox 1784 682 1852 739; x_wconf 84' lang='lat' dir='ltr'>sorte</span> <span class='ocrx_word' id='word_1_325' title='bbox 1873 678 1956 754; x_wconf 81' lang='lat' dir='ltr'>magis</span> <span class='ocrx_word' id='word_1_326' title='bbox 1979 677 2028 736; x_wconf 91' lang='lat' dir='ltr'>erit</span> <span class='ocrx_word' id='word_1_327' title='bbox 2051 674 2182 751; x_wconf 84' lang='lat' dir='ltr'>parricida</span> <span class='ocrx_word' id='word_1_328' title='bbox 2205 674 2228 733; x_wconf 91' lang='lat' dir='ltr'>si</span> <span class='ocrx_word' id='word_1_329' title='bbox 2251 671 2316 749; x_wconf 75' lang='lat' dir='ltr'>quis</span> 
     </span>
     <span class='ocr_line' id='line_1_49' title="bbox 1356 765 2299 851; baseline -0.011 -19"><span class='ocrx_word' id='word_1_330' title='bbox 1356 774 1523 832; x_wconf 77' lang='lat' dir='ltr'>consularem</span> <span class='ocrx_word' id='word_1_331' title='bbox 1542 784 1645 847; x_wconf 84' lang='lat' dir='ltr'>putrem</span> <span class='ocrx_word' id='word_1_332' title='bbox 1656 789 1743 851; x_wconf 15' lang='lat' dir='ltr'>‘quarn</span> <span class='ocrx_word' id='word_1_333' title='bbox 1762 768 1786 827; x_wconf 89' lang='lat' dir='ltr'>si</span> <span class='ocrx_word' id='word_1_334' title='bbox 1805 769 1864 843; x_wconf 86' lang='lat' dir='ltr'>quis</span> <span class='ocrx_word' id='word_1_335' title='bbox 1883 768 2011 826; x_wconf 90' lang='lat' dir='ltr'>humilem</span> <span class='ocrx_word' id='word_1_336' title='bbox 2029 765 2170 836; x_wconf 78' lang='lat' dir='ltr'>necaverit,</span> <span class='ocrx_word' id='word_1_337' title='bbox 2193 776 2241 823; x_wconf 92' lang='lat' dir='ltr'>aut</span> <span class='ocrx_word' id='word_1_338' title='bbox 2264 782 2299 823; x_wconf 93' lang='lat' dir='ltr'>eo</span> 
     </span>
     <span class='ocr_line' id='line_1_50' title="bbox 1356 852 2301 932; baseline -0.011 -12"><span class='ocrx_word' id='word_1_339' title='bbox 1356 878 1429 920; x_wconf 85' lang='lat' dir='ltr'>mors</span> <span class='ocrx_word' id='word_1_340' title='bbox 1446 861 1561 920; x_wconf 89' lang='lat' dir='ltr'>atrocior</span> <span class='ocrx_word' id='word_1_341' title='bbox 1576 860 1626 920; x_wconf 88' lang='lat' dir='ltr'>erit</span> <span class='ocrx_word' id='word_1_342' title='bbox 1641 862 1670 917; x_wconf 86' lang='grc' dir='ltr'>Ρ.</span> <span class='ocrx_word' id='word_1_343' title='bbox 1689 857 1779 919; x_wconf 89' lang='lat' dir='ltr'>Clodii</span> <span class='ocrx_word' id='word_1_344' title='bbox 1798 857 1872 932; x_wconf 94' lang='lat' dir='ltr'>quod</span> <span class='ocrx_word' id='word_1_345' title='bbox 1889 856 1955 915; x_wconf 88' lang='lat' dir='ltr'>isin</span> <span class='ocrx_word' id='word_1_346' title='bbox 1974 854 2153 914; x_wconf 87' lang='lat' dir='ltr'>monumentis</span> <span class='ocrx_word' id='word_1_347' title='bbox 2170 852 2301 912; x_wconf 89' lang='lat' dir='ltr'>maiorum</span> 
     </span>
     <span class='ocr_line' id='line_1_51' title="bbox 1356 941 2301 1016; baseline -0.014 -6"><span class='ocrx_word' id='word_1_348' title='bbox 1356 969 1465 1010; x_wconf 91' lang='lat' dir='ltr'>suorum</span> <span class='ocrx_word' id='word_1_349' title='bbox 1476 950 1512 1008; x_wconf 92' lang='lat' dir='ltr'>sit</span> <span class='ocrx_word' id='word_1_350' title='bbox 1522 951 1692 1008; x_wconf 84' lang='lat' dir='ltr'>interiectus:</span> <span class='ocrx_word' id='word_1_351' title='bbox 1709 949 1763 1005; x_wconf 90' lang='lat' dir='ltr'>hoc</span> <span class='ocrx_word' id='word_1_352' title='bbox 1770 947 1884 1004; x_wconf 81' lang='lat' dir='ltr'>enimab</span> <span class='ocrx_word' id='word_1_353' title='bbox 1897 945 1953 1002; x_wconf 87' lang='lat' dir='ltr'>istis</span> <span class='ocrx_word' id='word_1_354' title='bbox 1965 962 2046 1016; x_wconf 83' lang='lat' dir='ltr'>saepe</span> <span class='ocrx_word' id='word_1_355' title='bbox 2058 942 2154 1001; x_wconf 89' lang='lat' dir='ltr'>dicitur</span> <span class='ocrx_word' id='word_1_356' title='bbox 2161 962 2170 1013; x_wconf 75' lang='grc' dir='ltr'><strong><em>ς</em></strong></span> <span class='ocrx_word' id='word_1_357' title='bbox 2187 941 2301 1014; x_wconf 88' lang='lat' dir='ltr'>proinde</span> 
     </span>
     <span class='ocr_line' id='line_1_52' title="bbox 1356 1034 2301 1116; baseline -0.014 -16"><span class='ocrx_word' id='word_1_358' title='bbox 1356 1041 1433 1116; x_wconf 87' lang='lat' dir='ltr'>quasi</span> <span class='ocrx_word' id='word_1_359' title='bbox 1445 1043 1549 1116; x_wconf 81' lang='lat' dir='ltr'>Appius</span> <span class='ocrx_word' id='word_1_360' title='bbox 1563 1041 1608 1098; x_wconf 91' lang='lat' dir='ltr'>ille</span> <span class='ocrx_word' id='word_1_361' title='bbox 1620 1042 1726 1099; x_wconf 82' lang='lat' dir='ltr'>Caecus</span> <span class='ocrx_word' id='word_1_362' title='bbox 1737 1037 1808 1096; x_wconf 81' lang='lat' dir='ltr'>viam</span> <span class='ocrx_word' id='word_1_363' title='bbox 1823 1035 1970 1103; x_wconf 84' lang='lat' dir='ltr'>muniverit,</span> <span class='ocrx_word' id='word_1_364' title='bbox 1985 1053 2042 1091; x_wconf 93' lang='lat' dir='ltr'>non</span> <span class='ocrx_word' id='word_1_365' title='bbox 2052 1053 2105 1107; x_wconf 90' lang='lat' dir='ltr'>qua</span> <span class='ocrx_word' id='word_1_366' title='bbox 2117 1034 2233 1106; x_wconf 89' lang='lat' dir='ltr'>populus</span> <span class='ocrx_word' id='word_1_367' title='bbox 2244 1045 2301 1087; x_wconf 90' lang='lat' dir='ltr'>ute·</span> 
     </span>
     <span class='ocr_line' id='line_1_53' title="bbox 1356 1118 2347 1204; baseline -0.013 -15"><span class='ocrx_word' id='word_1_368' title='bbox 1356 1141 1435 1200; x_wconf 89' lang='lat' dir='ltr'>retus,</span> <span class='ocrx_word' id='word_1_369' title='bbox 1456 1132 1504 1188; x_wconf 89' lang='lat' dir='ltr'>sed</span> <span class='ocrx_word' id='word_1_370' title='bbox 1522 1129 1569 1187; x_wconf 90' lang='lat' dir='ltr'>ubi</span> <span class='ocrx_word' id='word_1_371' title='bbox 1588 1128 1697 1204; x_wconf 91' lang='lat' dir='ltr'>impune</span> <span class='ocrx_word' id='word_1_372' title='bbox 1715 1126 1756 1185; x_wconf 91' lang='lat' dir='ltr'>sui</span> <span class='ocrx_word' id='word_1_373' title='bbox 1775 1124 1874 1201; x_wconf 87' lang='lat' dir='ltr'>posteri</span> <span class='ocrx_word' id='word_1_374' title='bbox 1894 1123 2117 1181; x_wconf 87' lang='lat' dir='ltr'>latrocinarentur.</span> <span class='ocrx_word' id='word_1_375' title='bbox 2156 1123 2251 1194; x_wconf 87' lang='lat' dir='ltr'>Itaque</span> <span class='ocrx_word' id='word_1_376' title='bbox 2270 1118 2298 1175; x_wconf 92' lang='lat' dir='ltr'>in</span> <span class='ocrx_word' id='word_1_377' title='bbox 2313 1121 2347 1177; x_wconf 73' lang='lat' dir='ltr'>ab</span> 
     </span>
     <span class='ocr_line' id='line_1_54' title="bbox 1356 1210 2299 1292; baseline -0.015 -14"><span class='ocrx_word' id='word_1_378' title='bbox 1356 1217 1516 1278; x_wconf 73' lang='lat' dir='ltr'>eudemius</span> <span class='ocrx_word' id='word_1_379' title='bbox 1532 1216 1682 1292; x_wconf 81' lang='lat' dir='ltr'>Appiaria</span> <span class='ocrx_word' id='word_1_380' title='bbox 1699 1234 1781 1290; x_wconf 90' lang='lat' dir='ltr'>quum</span> <span class='ocrx_word' id='word_1_381' title='bbox 1798 1211 1993 1273; x_wconf 84' lang='lat' dir='ltr'>ornatissimum</span> <span class='ocrx_word' id='word_1_382' title='bbox 2010 1210 2126 1284; x_wconf 89' lang='lat' dir='ltr'>equitem</span> <span class='ocrx_word' id='word_1_383' title='bbox 2144 1211 2299 1267; x_wconf 88' lang='lat' dir='ltr'>Romanum</span> 
     </span>
     <span class='ocr_line' id='line_1_55' title="bbox 1356 1296 2300 1378; baseline -0.011 -14"><span class='ocrx_word' id='word_1_384' title='bbox 1356 1309 1387 1365; x_wconf 86' lang='grc' dir='ltr'>Ρ.</span> <span class='ocrx_word' id='word_1_385' title='bbox 1401 1308 1513 1366; x_wconf 84' lang='lat' dir='ltr'>Clodius</span> <span class='ocrx_word' id='word_1_386' title='bbox 1526 1310 1564 1363; x_wconf 81' lang='lat' dir='ltr'>M.</span> <span class='ocrx_word' id='word_1_387' title='bbox 1582 1306 1716 1378; x_wconf 84' lang='lat' dir='ltr'>Papirium</span> <span class='ocrx_word' id='word_1_388' title='bbox 1732 1303 1881 1370; x_wconf 82' lang='lat' dir='ltr'>occidisset,</span> <span class='ocrx_word' id='word_1_389' title='bbox 1899 1319 1956 1358; x_wconf 92' lang='lat' dir='ltr'>non</span> <span class='ocrx_word' id='word_1_390' title='bbox 1970 1300 2018 1357; x_wconf 84' lang='lat' dir='ltr'>luit</span> <span class='ocrx_word' id='word_1_391' title='bbox 2033 1301 2098 1355; x_wconf 93' lang='lat' dir='ltr'>illud</span> <span class='ocrx_word' id='word_1_392' title='bbox 2112 1297 2213 1355; x_wconf 79' lang='lat' dir='ltr'>iadnus</span> <span class='ocrx_word' id='word_1_393' title='bbox 2224 1296 2300 1371; x_wconf 93' lang='lat' dir='ltr'>puni·</span> 
     </span>
     <span class='ocr_line' id='line_1_56' title="bbox 1356 1386 2300 1466; baseline -0.011 -13"><span class='ocrx_word' id='word_1_394' title='bbox 1356 1395 1470 1466; x_wconf 76' lang='lat' dir='ltr'>endum:</span> <span class='ocrx_word' id='word_1_395' title='bbox 1487 1397 1570 1455; x_wconf 90' lang='lat' dir='ltr'>homo</span> <span class='ocrx_word' id='word_1_396' title='bbox 1587 1393 1660 1452; x_wconf 88' lang='lat' dir='ltr'>enim</span> <span class='ocrx_word' id='word_1_397' title='bbox 1677 1393 1775 1450; x_wconf 89' lang='lat' dir='ltr'>nobilis</span> <span class='ocrx_word' id='word_1_398' title='bbox 1794 1390 1822 1448; x_wconf 92' lang='lat' dir='ltr'>in</span> <span class='ocrx_word' id='word_1_399' title='bbox 1840 1391 1895 1448; x_wconf 88' lang='lat' dir='ltr'>suis</span> <span class='ocrx_word' id='word_1_400' title='bbox 1911 1388 2090 1447; x_wconf 86' lang='lat' dir='ltr'>monumentis</span> <span class='ocrx_word' id='word_1_401' title='bbox 2108 1386 2225 1460; x_wconf 89' lang='lat' dir='ltr'>equitem</span> <span class='ocrx_word' id='word_1_402' title='bbox 2240 1390 2300 1444; x_wconf 49' lang='lat' dir='ltr'>⁴Rc&gt;</span> 
     </span>
     <span class='ocr_line' id='line_1_57' title="bbox 1356 1478 2298 1553; baseline -0.011 -11"><span class='ocrx_word' id='word_1_403' title='bbox 1356 1502 1465 1543; x_wconf 89' lang='lat' dir='ltr'>manum</span> <span class='ocrx_word' id='word_1_404' title='bbox 1477 1485 1628 1542; x_wconf 85' lang='lat' dir='ltr'>occiderat:</span> <span class='ocrx_word' id='word_1_405' title='bbox 1645 1501 1718 1539; x_wconf 89' lang='lat' dir='ltr'>nunc</span> <span class='ocrx_word' id='word_1_406' title='bbox 1739 1481 1860 1540; x_wconf 83' lang='lat' dir='ltr'>eiusdem</span> <span class='ocrx_word' id='word_1_407' title='bbox 1876 1478 1983 1553; x_wconf 80' lang='lat' dir='ltr'>Appiae</span> <span class='ocrx_word' id='word_1_408' title='bbox 2001 1495 2100 1536; x_wconf 90' lang='lat' dir='ltr'>nomen</span> <span class='ocrx_word' id='word_1_409' title='bbox 2117 1486 2231 1550; x_wconf 84' lang='lat' dir='ltr'>quantas</span> <span class='ocrx_word' id='word_1_410' title='bbox 2248 1485 2298 1533; x_wconf 89' lang='lat' dir='ltr'>trs·</span> 
     </span>
     <span class='ocr_line' id='line_1_58' title="bbox 1355 1565 2299 1646; baseline -0.012 -15"><span class='ocrx_word' id='word_1_411' title='bbox 1355 1571 1467 1646; x_wconf 77' lang='lat' dir='ltr'>qoedias</span> <span class='ocrx_word' id='word_1_412' title='bbox 1485 1572 1599 1630; x_wconf 85' lang='lat' dir='ltr'>excitatl</span> <span class='ocrx_word' id='word_1_413' title='bbox 1638 1573 1716 1643; x_wconf 85' lang='lat' dir='ltr'>Quae</span> <span class='ocrx_word' id='word_1_414' title='bbox 1736 1580 1874 1627; x_wconf 85' lang='lat' dir='ltr'>ementats</span> <span class='ocrx_word' id='word_1_415' title='bbox 1891 1580 1972 1625; x_wconf 83' lang='lat' dir='ltr'>antea</span> <span class='ocrx_word' id='word_1_416' title='bbox 1990 1567 2073 1624; x_wconf 80' lang='lat' dir='ltr'>caede</span> <span class='ocrx_word' id='word_1_417' title='bbox 2092 1565 2198 1623; x_wconf 86' lang='lat' dir='ltr'>honesti</span> <span class='ocrx_word' id='word_1_418' title='bbox 2218 1575 2299 1636; x_wconf 91' lang='lat' dir='ltr'>atque</span> 
     </span>
     <span class='ocr_line' id='line_1_59' title="bbox 1356 1659 2302 1731; baseline -0.011 -10"><span class='ocrx_word' id='word_1_419' title='bbox 1356 1661 1507 1721; x_wconf 81' lang='lat' dir='ltr'>innoeentis</span> <span class='ocrx_word' id='word_1_420' title='bbox 1522 1662 1571 1719; x_wconf 84' lang='lat' dir='ltr'>viri</span> <span class='ocrx_word' id='word_1_421' title='bbox 1585 1661 1717 1731; x_wconf 86' lang='lat' dir='ltr'>silebatur,</span> <span class='ocrx_word' id='word_1_422' title='bbox 1731 1660 1827 1718; x_wconf 86' lang='lat' dir='ltr'>eadem</span> <span class='ocrx_word' id='word_1_423' title='bbox 1841 1676 1914 1716; x_wconf 91' lang='lat' dir='ltr'>nunc</span> <span class='ocrx_word' id='word_1_424' title='bbox 1928 1659 2021 1715; x_wconf 87' lang='lat' dir='ltr'>crebro</span> <span class='ocrx_word' id='word_1_425' title='bbox 2035 1667 2181 1729; x_wconf 85' lang='lat' dir='ltr'>usurpatur,</span> <span class='ocrx_word' id='word_1_426' title='bbox 2198 1664 2302 1728; x_wconf 89' lang='lat' dir='ltr'>postea·</span> 
     </span>
     <span class='ocr_line' id='line_1_60' title="bbox 1356 1741 2301 1825; baseline -0.011 -16"><span class='ocrx_word' id='word_1_427' title='bbox 1356 1769 1438 1825; x_wconf 89' lang='lat' dir='ltr'>quarn</span> <span class='ocrx_word' id='word_1_428' title='bbox 1459 1751 1569 1808; x_wconf 89' lang='lat' dir='ltr'>latronis</span> <span class='ocrx_word' id='word_1_429' title='bbox 1590 1762 1617 1808; x_wconf 86' lang='lat' dir='ltr'>et</span> <span class='ocrx_word' id='word_1_430' title='bbox 1638 1749 1784 1823; x_wconf 84' lang='lat' dir='ltr'>parricidae</span> <span class='ocrx_word' id='word_1_431' title='bbox 1806 1746 1935 1820; x_wconf 78' lang='lat' dir='ltr'>sanguine</span> <span class='ocrx_word' id='word_1_432' title='bbox 1956 1745 2057 1801; x_wconf 90' lang='lat' dir='ltr'>imbuta</span> <span class='ocrx_word' id='word_1_433' title='bbox 2075 1755 2123 1801; x_wconf 85' lang='lat' dir='ltr'>est.</span> <span class='ocrx_word' id='word_1_434' title='bbox 2159 1744 2214 1800; x_wconf 84' lang='lat' dir='ltr'>Sed</span> <span class='ocrx_word' id='word_1_435' title='bbox 2235 1741 2301 1816; x_wconf 89' lang='lat' dir='ltr'>quid</span> 
     </span>
     <span class='ocr_line' id='line_1_61' title="bbox 1379 1830 2302 1910; baseline -0.015 -11"><span class='ocrx_word' id='word_1_436' title='bbox 1379 1851 1435 1891; x_wconf 70' lang='lat' dir='ltr'>llo·</span> <span class='ocrx_word' id='word_1_437' title='bbox 1445 1849 1536 1897; x_wconf 68' lang='lat' dir='ltr'>malr.</span> <span class='ocrx_word' id='word_1_438' title='bbox 1555 1855 1607 1910; x_wconf 85' lang='lat' dir='ltr'>ego</span> <span class='ocrx_word' id='word_1_439' title='bbox 1621 1837 1667 1894; x_wconf 88' lang='lat' dir='ltr'>illa</span> <span class='ocrx_word' id='word_1_440' title='bbox 1680 1838 1883 1894; x_wconf 82' lang='lat' dir='ltr'>commemoro?</span> <span class='ocrx_word' id='word_1_441' title='bbox 1909 1833 2123 1904; x_wconf 81' lang='lat' dir='ltr'>comprehensus</span> <span class='ocrx_word' id='word_1_442' title='bbox 2137 1842 2179 1887; x_wconf 83' lang='lat' dir='ltr'>est</span> <span class='ocrx_word' id='word_1_443' title='bbox 2193 1830 2221 1886; x_wconf 92' lang='lat' dir='ltr'>in</span> <span class='ocrx_word' id='word_1_444' title='bbox 2237 1840 2302 1886; x_wconf 90' lang='lat' dir='ltr'>tem·</span> 
     </span>
     <span class='ocr_line' id='line_1_62' title="bbox 1355 1902 2300 2002; baseline -0.014 -18"><span class='ocrx_word' id='word_1_445' title='bbox 1355 1902 1536 2002; x_wconf 53' lang='grc' dir='ltr'><strong>ᾞᾚίιῖῗ.</strong></span> <span class='ocrx_word' id='word_1_446' title='bbox 1554 1928 1602 1999; x_wconf 93' lang='lat' dir='ltr'>plo</span> <span class='ocrx_word' id='word_1_447' title='bbox 1619 1925 1737 1984; x_wconf 80' lang='lat' dir='ltr'>Castoris</span> <span class='ocrx_word' id='word_1_448' title='bbox 1758 1941 1848 1980; x_wconf 89' lang='lat' dir='ltr'>servus</span> <span class='ocrx_word' id='word_1_449' title='bbox 1870 1923 1900 1979; x_wconf 88' lang='lat' dir='ltr'>P.</span> <span class='ocrx_word' id='word_1_450' title='bbox 1923 1919 2013 1978; x_wconf 84' lang='lat' dir='ltr'>Clodii</span> <span class='ocrx_word' id='word_1_451' title='bbox 2032 1936 2113 1991; x_wconf 88' lang='lat' dir='ltr'>quem</span> <span class='ocrx_word' id='word_1_452' title='bbox 2131 1916 2175 1974; x_wconf 91' lang='lat' dir='ltr'>ille</span> <span class='ocrx_word' id='word_1_453' title='bbox 2195 1917 2232 1973; x_wconf 86' lang='lat' dir='ltr'>ad</span> <span class='ocrx_word' id='word_1_454' title='bbox 2249 1919 2300 1973; x_wconf 84' lang='lat' dir='ltr'>Cn.</span> 
     </span>
    </p>
   </div>
   <div class='ocr_carea' id='block_1_22' title="bbox 1355 2007 2302 2099">
    <p class='ocr_par' dir='ltr' id='par_1_22' title="bbox 1355 2007 2302 2099">
     <span class='ocr_line' id='line_1_63' title="bbox 1355 2007 2302 2099; baseline -0.022 -19"><span class='ocrx_word' id='word_1_455' title='bbox 1355 2007 1538 2099; x_wconf 51' lang='lat' dir='ltr'>Jfflsnffl</span> <span class='ocrx_word' id='word_1_456' title='bbox 1556 2012 1714 2085; x_wconf 83' lang='lat' dir='ltr'>Pompeium</span> <span class='ocrx_word' id='word_1_457' title='bbox 1731 2009 1942 2068; x_wconf 85' lang='lat' dir='ltr'>interficiendum</span> <span class='ocrx_word' id='word_1_458' title='bbox 1961 2009 2118 2074; x_wconf 76' lang='lat' dir='ltr'>collocarat:</span> <span class='ocrx_word' id='word_1_459' title='bbox 2138 2014 2242 2062; x_wconf 84' lang='lat' dir='ltr'>extorta</span> <span class='ocrx_word' id='word_1_460' title='bbox 2260 2015 2302 2061; x_wconf 91' lang='lat' dir='ltr'>est</span> 
     </span>
    </p>
   </div>
   <div class='ocr_carea' id='block_1_23' title="bbox 1356 2095 2302 2168">
    <p class='ocr_par' dir='ltr' id='par_1_23' title="bbox 1356 2095 2302 2168">
     <span class='ocr_line' id='line_1_64' title="bbox 1356 2095 2302 2168; baseline -0.014 -5"><span class='ocrx_word' id='word_1_461' title='bbox 1356 2113 1423 2163; x_wconf 64' lang='lat' dir='ltr'>stols</span> <span class='ocrx_word' id='word_1_462' title='bbox 1443 2110 1537 2158; x_wconf 70' lang='lat' dir='ltr'>ml:</span> <span class='ocrx_word' id='word_1_463' title='bbox 1554 2102 1692 2163; x_wconf 88' lang='lat' dir='ltr'>oontitenti</span> <span class='ocrx_word' id='word_1_464' title='bbox 1716 2101 1772 2158; x_wconf 82' lang='lat' dir='ltr'>sica</span> <span class='ocrx_word' id='word_1_465' title='bbox 1795 2101 1830 2157; x_wconf 90' lang='lat' dir='ltr'>de</span> <span class='ocrx_word' id='word_1_466' title='bbox 1853 2097 1992 2156; x_wconf 84' lang='lat' dir='ltr'>manibus:</span> <span class='ocrx_word' id='word_1_467' title='bbox 2018 2095 2103 2154; x_wconf 90' lang='lat' dir='ltr'>caruit</span> <span class='ocrx_word' id='word_1_468' title='bbox 2126 2095 2184 2152; x_wconf 87' lang='lat' dir='ltr'>toro</span> <span class='ocrx_word' id='word_1_469' title='bbox 2207 2105 2302 2168; x_wconf 81' lang='lat' dir='ltr'>postea</span> 
     </span>
    </p>
   </div>
   <div class='ocr_carea' id='block_1_24' title="bbox 1355 2165 2302 2268">
    <p class='ocr_par' dir='ltr' id='par_1_24' title="bbox 1355 2165 2302 2268">
     <span class='ocr_line' id='line_1_65' title="bbox 1355 2165 2302 2268; baseline -0.02 -9"><span class='ocrx_word' id='word_1_470' title='bbox 1355 2165 1541 2267; x_wconf 48' lang='lat' dir='ltr'>nmrrffdayffl</span> <span class='ocrx_word' id='word_1_471' title='bbox 1556 2192 1707 2268; x_wconf 88' lang='lat' dir='ltr'>Pompeius,</span> <span class='ocrx_word' id='word_1_472' title='bbox 1724 2189 1807 2249; x_wconf 88' lang='lat' dir='ltr'>caruit</span> <span class='ocrx_word' id='word_1_473' title='bbox 1821 2199 1923 2259; x_wconf 86' lang='lat' dir='ltr'>senatu,</span> <span class='ocrx_word' id='word_1_474' title='bbox 1940 2185 2024 2246; x_wconf 86' lang='lat' dir='ltr'>caruit</span> <span class='ocrx_word' id='word_1_475' title='bbox 2039 2184 2146 2261; x_wconf 91' lang='lat' dir='ltr'>publico</span> <span class='ocrx_word' id='word_1_476' title='bbox 2151 2204 2160 2255; x_wconf 80' lang='lat'>3</span> <span class='ocrx_word' id='word_1_477' title='bbox 2177 2181 2256 2241; x_wconf 88' lang='lat' dir='ltr'>ianua</span> <span class='ocrx_word' id='word_1_478' title='bbox 2272 2201 2302 2242; x_wconf 91' lang='lat' dir='ltr'>se</span> 
     </span>
    </p>
   </div>
   <div class='ocr_carea' id='block_1_25' title="bbox 1355 2271 2301 2356">
    <p class='ocr_par' dir='ltr' id='par_1_25' title="bbox 1355 2271 2301 2356">
     <span class='ocr_line' id='line_1_66' title="bbox 1355 2271 2301 2356; baseline -0.014 -12"><span class='ocrx_word' id='word_1_479' title='bbox 1355 2271 1537 2312; x_wconf 44' lang='lat' dir='ltr'>mmm</span> <span class='ocrx_word' id='word_1_480' title='bbox 1554 2301 1588 2341; x_wconf 92' lang='lat' dir='ltr'>ac</span> <span class='ocrx_word' id='word_1_481' title='bbox 1599 2282 1742 2356; x_wconf 89' lang='lat' dir='ltr'>parietibus</span> <span class='ocrx_word' id='word_1_482' title='bbox 1752 2297 1809 2337; x_wconf 92' lang='lat' dir='ltr'>non</span> <span class='ocrx_word' id='word_1_483' title='bbox 1821 2277 1877 2336; x_wconf 92' lang='lat' dir='ltr'>iure</span> <span class='ocrx_word' id='word_1_484' title='bbox 1891 2279 1979 2351; x_wconf 79' lang='lat' dir='ltr'>legum</span> <span class='ocrx_word' id='word_1_485' title='bbox 1994 2274 2205 2348; x_wconf 88' lang='lat' dir='ltr'>iudiciorumque</span> <span class='ocrx_word' id='word_1_486' title='bbox 2219 2272 2301 2332; x_wconf 83' lang='lat' dir='ltr'>texit:</span> 
     </span>
    </p>
   </div>
   <div class='ocr_carea' id='block_1_26' title="bbox 1232 2325 1537 2369">
    <p class='ocr_par' dir='ltr' id='par_1_26' title="bbox 1232 2325 1537 2369">
     <span class='ocr_line' id='line_1_67' title="bbox 1232 2325 1537 2369; baseline 0 -5"><span class='ocrx_word' id='word_1_487' title='bbox 1232 2331 1235 2338; x_wconf 96' lang='grc'>’</span> <span class='ocrx_word' id='word_1_488' title='bbox 1355 2325 1537 2369; x_wconf 75' lang='lat' dir='ltr'>diusrbuttbacul·</span> 
     </span>
    </p>
   </div>
   <div class='ocr_carea' id='block_1_27' title="bbox 1352 2361 2347 3347">
    <p class='ocr_par' dir='ltr' id='par_1_27' title="bbox 1352 2361 2347 3347">
     <span class='ocr_line' id='line_1_68' title="bbox 1354 2361 2347 2469; baseline -0.008 -37"><span class='ocrx_word' id='word_1_489' title='bbox 1354 2376 1537 2469; x_wconf 46' lang='lat' dir='ltr'>5⁸¹⁸·th</span> <span class='ocrx_word' id='word_1_490' title='bbox 1555 2390 1619 2430; x_wconf 92' lang='lat' dir='ltr'>num</span> <span class='ocrx_word' id='word_1_491' title='bbox 1632 2388 1701 2446; x_wconf 84' lang='lat' dir='ltr'>quae</span> <span class='ocrx_word' id='word_1_492' title='bbox 1713 2368 1816 2443; x_wconf 78' lang='lat' dir='ltr'>rogatio</span> <span class='ocrx_word' id='word_1_493' title='bbox 1833 2367 1906 2425; x_wconf 83' lang='lat' dir='ltr'>lata?</span> <span class='ocrx_word' id='word_1_494' title='bbox 1924 2385 1989 2423; x_wconf 91' lang='lat' dir='ltr'>num</span> <span class='ocrx_word' id='word_1_495' title='bbox 2006 2382 2076 2438; x_wconf 85' lang='lat' dir='ltr'>quae</span> <span class='ocrx_word' id='word_1_496' title='bbox 2092 2381 2164 2421; x_wconf 90' lang='lat' dir='ltr'>nova</span> <span class='ocrx_word' id='word_1_497' title='bbox 2177 2361 2299 2437; x_wconf 76' lang='lat' dir='ltr'>quaestio</span> <span class='ocrx_word' id='word_1_498' title='bbox 2314 2385 2347 2440; x_wconf 80' lang='lat' dir='ltr'>sq</span> 
     </span>
     <span class='ocr_line' id='line_1_69' title="bbox 1354 2429 2299 2532; baseline -0.016 -7"><span class='ocrx_word' id='word_1_499' title='bbox 1354 2429 1536 2532; x_wconf 44' lang='lat' dir='ltr'>affixam</span> <span class='ocrx_word' id='word_1_500' title='bbox 1553 2464 1661 2520; x_wconf 86' lang='lat' dir='ltr'>decreta</span> <span class='ocrx_word' id='word_1_501' title='bbox 1674 2462 1735 2517; x_wconf 81' lang='lat' dir='ltr'>est?</span> <span class='ocrx_word' id='word_1_502' title='bbox 1749 2455 1832 2530; x_wconf 81' lang='lat' dir='ltr'>atqui,</span> <span class='ocrx_word' id='word_1_503' title='bbox 1847 2455 1870 2514; x_wconf 89' lang='lat' dir='ltr'>si</span> <span class='ocrx_word' id='word_1_504' title='bbox 1886 2475 1935 2524; x_wconf 88' lang='lat' dir='ltr'>res,</span> <span class='ocrx_word' id='word_1_505' title='bbox 1954 2454 1977 2512; x_wconf 91' lang='lat' dir='ltr'>si</span> <span class='ocrx_word' id='word_1_506' title='bbox 1995 2453 2042 2523; x_wconf 91' lang='lat' dir='ltr'>vir,</span> <span class='ocrx_word' id='word_1_507' title='bbox 2060 2452 2083 2510; x_wconf 90' lang='lat' dir='ltr'>si</span> <span class='ocrx_word' id='word_1_508' title='bbox 2097 2464 2203 2526; x_wconf 90' lang='lat' dir='ltr'>tempus</span> <span class='ocrx_word' id='word_1_509' title='bbox 2216 2453 2299 2510; x_wconf 90' lang='lat' dir='ltr'>ullum</span> 
     </span>
     <span class='ocr_line' id='line_1_70' title="bbox 1354 2541 2300 2629; baseline -0.017 -15"><span class='ocrx_word' id='word_1_510' title='bbox 1354 2554 1466 2629; x_wconf 80' lang='lat' dir='ltr'>dignum</span> <span class='ocrx_word' id='word_1_511' title='bbox 1483 2554 1540 2625; x_wconf 85' lang='lat' dir='ltr'>luit,</span> <span class='ocrx_word' id='word_1_512' title='bbox 1558 2564 1630 2611; x_wconf 84' lang='lat' dir='ltr'>certe</span> <span class='ocrx_word' id='word_1_513' title='bbox 1647 2554 1715 2609; x_wconf 86' lang='lat' dir='ltr'>baec</span> <span class='ocrx_word' id='word_1_514' title='bbox 1733 2549 1762 2606; x_wconf 89' lang='lat' dir='ltr'>in</span> <span class='ocrx_word' id='word_1_515' title='bbox 1781 2547 1825 2605; x_wconf 87' lang='lat' dir='ltr'>illa</span> <span class='ocrx_word' id='word_1_516' title='bbox 1847 2564 1927 2602; x_wconf 80' lang='lat' dir='ltr'>causa</span> <span class='ocrx_word' id='word_1_517' title='bbox 1947 2561 2052 2601; x_wconf 89' lang='lat' dir='ltr'>summa</span> <span class='ocrx_word' id='word_1_518' title='bbox 2069 2541 2161 2601; x_wconf 83' lang='lat' dir='ltr'>omnia</span> <span class='ocrx_word' id='word_1_519' title='bbox 2178 2543 2300 2600; x_wconf 86' lang='lat' dir='ltr'>luerunt:</span> 
     </span>
     <span class='ocr_line' id='line_1_71' title="bbox 1355 2631 2302 2708; baseline -0.016 -5"><span class='ocrx_word' id='word_1_520' title='bbox 1355 2642 1494 2702; x_wconf 86' lang='lat' dir='ltr'>insidiator</span> <span class='ocrx_word' id='word_1_521' title='bbox 1504 2654 1560 2701; x_wconf 86' lang='lat' dir='ltr'>erat</span> <span class='ocrx_word' id='word_1_522' title='bbox 1572 2641 1601 2698; x_wconf 92' lang='lat' dir='ltr'>in</span> <span class='ocrx_word' id='word_1_523' title='bbox 1612 2643 1671 2698; x_wconf 87' lang='lat' dir='ltr'>loro</span> <span class='ocrx_word' id='word_1_524' title='bbox 1679 2640 1826 2696; x_wconf 84' lang='lat' dir='ltr'>collocatus</span> <span class='ocrx_word' id='word_1_525' title='bbox 1834 2648 1915 2708; x_wconf 91' lang='lat' dir='ltr'>atque</span> <span class='ocrx_word' id='word_1_526' title='bbox 1927 2633 1955 2689; x_wconf 92' lang='lat' dir='ltr'>in</span> <span class='ocrx_word' id='word_1_527' title='bbox 1964 2632 2096 2691; x_wconf 89' lang='lat' dir='ltr'>vestibulo</span> <span class='ocrx_word' id='word_1_528' title='bbox 2107 2631 2168 2705; x_wconf 86' lang='lat' dir='ltr'>ipso</span> <span class='ocrx_word' id='word_1_529' title='bbox 2179 2641 2286 2689; x_wconf 87' lang='lat' dir='ltr'>senatus</span> <span class='ocrx_word' id='word_1_530' title='bbox 2291 2649 2302 2701; x_wconf 80' lang='lat'>3</span> 
     </span>
     <span class='ocr_line' id='line_1_72' title="bbox 1355 2719 2301 2799; baseline -0.017 -9"><span class='ocrx_word' id='word_1_531' title='bbox 1355 2730 1382 2789; x_wconf 90' lang='lat' dir='ltr'>ei</span> <span class='ocrx_word' id='word_1_532' title='bbox 1401 2731 1458 2789; x_wconf 91' lang='lat' dir='ltr'>viro</span> <span class='ocrx_word' id='word_1_533' title='bbox 1478 2743 1569 2788; x_wconf 88' lang='lat' dir='ltr'>autem</span> <span class='ocrx_word' id='word_1_534' title='bbox 1593 2744 1665 2785; x_wconf 91' lang='lat' dir='ltr'>mors</span> <span class='ocrx_word' id='word_1_535' title='bbox 1689 2727 1830 2799; x_wconf 80' lang='lat' dir='ltr'>parabatur</span> <span class='ocrx_word' id='word_1_536' title='bbox 1848 2721 1923 2780; x_wconf 89' lang='lat' dir='ltr'>cuius</span> <span class='ocrx_word' id='word_1_537' title='bbox 1942 2721 1970 2778; x_wconf 91' lang='lat' dir='ltr'>in</span> <span class='ocrx_word' id='word_1_538' title='bbox 1993 2720 2049 2779; x_wconf 88' lang='lat' dir='ltr'>vita</span> <span class='ocrx_word' id='word_1_539' title='bbox 2072 2720 2207 2779; x_wconf 82' lang='lat' dir='ltr'>nitebatur</span> <span class='ocrx_word' id='word_1_540' title='bbox 2229 2719 2301 2776; x_wconf 87' lang='lat' dir='ltr'>salus</span> 
     </span>
     <span class='ocr_line' id='line_1_73' title="bbox 1354 2807 2301 2889; baseline -0.011 -13"><span class='ocrx_word' id='word_1_541' title='bbox 1354 2815 1480 2888; x_wconf 86' lang='lat' dir='ltr'>civitatis;</span> <span class='ocrx_word' id='word_1_542' title='bbox 1498 2835 1532 2875; x_wconf 94' lang='lat' dir='ltr'>eo</span> <span class='ocrx_word' id='word_1_543' title='bbox 1546 2834 1626 2889; x_wconf 88' lang='lat' dir='ltr'>porro</span> <span class='ocrx_word' id='word_1_544' title='bbox 1642 2814 1680 2872; x_wconf 91' lang='lat' dir='ltr'>rei</span> <span class='ocrx_word' id='word_1_545' title='bbox 1698 2813 1821 2887; x_wconf 87' lang='lat' dir='ltr'>publicae</span> <span class='ocrx_word' id='word_1_546' title='bbox 1833 2822 1954 2883; x_wconf 89' lang='lat' dir='ltr'>tempore</span> <span class='ocrx_word' id='word_1_547' title='bbox 1970 2808 2069 2883; x_wconf 87' lang='lat' dir='ltr'>quo,si</span> <span class='ocrx_word' id='word_1_548' title='bbox 2085 2827 2155 2865; x_wconf 90' lang='lat' dir='ltr'>unus</span> <span class='ocrx_word' id='word_1_549' title='bbox 2171 2808 2217 2867; x_wconf 92' lang='lat' dir='ltr'>ille</span> <span class='ocrx_word' id='word_1_550' title='bbox 2231 2807 2301 2866; x_wconf 89' lang='lat' dir='ltr'>occi·</span> 
     </span>
     <span class='ocr_line' id='line_1_74' title="bbox 1354 2896 2301 2978; baseline -0.012 -12"><span class='ocrx_word' id='word_1_551' title='bbox 1354 2907 1444 2978; x_wconf 71' lang='lat' dir='ltr'>duret,</span> <span class='ocrx_word' id='word_1_552' title='bbox 1458 2925 1513 2965; x_wconf 90' lang='lat' dir='ltr'>non</span> <span class='ocrx_word' id='word_1_553' title='bbox 1525 2908 1594 2964; x_wconf 85' lang='lat' dir='ltr'>haec</span> <span class='ocrx_word' id='word_1_554' title='bbox 1609 2907 1696 2964; x_wconf 92' lang='lat' dir='ltr'>solum</span> <span class='ocrx_word' id='word_1_555' title='bbox 1711 2903 1803 2961; x_wconf 87' lang='lat' dir='ltr'>civitas</span> <span class='ocrx_word' id='word_1_556' title='bbox 1819 2901 1868 2960; x_wconf 86' lang='lat' dir='ltr'>sed</span> <span class='ocrx_word' id='word_1_557' title='bbox 1883 2911 1978 2974; x_wconf 77' lang='lat' dir='ltr'>gentes</span> <span class='ocrx_word' id='word_1_558' title='bbox 1994 2916 2088 2957; x_wconf 84' lang='lat' dir='ltr'>omncs</span> <span class='ocrx_word' id='word_1_559' title='bbox 2104 2896 2301 2956; x_wconf 83' lang='lat' dir='ltr'>concidissent:</span> 
     </span>
     <span class='ocr_line' id='line_1_75' title="bbox 1353 2985 2300 3071; baseline -0.012 -15"><span class='ocrx_word' id='word_1_560' title='bbox 1353 2996 1405 3055; x_wconf 88' lang='lat' dir='ltr'>nisi</span> <span class='ocrx_word' id='word_1_561' title='bbox 1416 3017 1480 3056; x_wconf 92' lang='lat' dir='ltr'>vero</span> <span class='ocrx_word' id='word_1_562' title='bbox 1493 2997 1557 3071; x_wconf 83' lang='lat' dir='ltr'>quia</span> <span class='ocrx_word' id='word_1_563' title='bbox 1570 2998 1689 3071; x_wconf 72' lang='lat' dir='ltr'>perlecta</span> <span class='ocrx_word' id='word_1_564' title='bbox 1702 3012 1745 3051; x_wconf 90' lang='lat' dir='ltr'>res</span> <span class='ocrx_word' id='word_1_565' title='bbox 1758 3011 1813 3050; x_wconf 92' lang='lat' dir='ltr'>non</span> <span class='ocrx_word' id='word_1_566' title='bbox 1826 3004 1875 3061; x_wconf 84' lang='lat' dir='ltr'>est,</span> <span class='ocrx_word' id='word_1_567' title='bbox 1890 3009 1947 3048; x_wconf 92' lang='lat' dir='ltr'>non</span> <span class='ocrx_word' id='word_1_568' title='bbox 1958 2989 2007 3047; x_wconf 84' lang='lat' dir='ltr'>suit</span> <span class='ocrx_word' id='word_1_569' title='bbox 2018 2987 2169 3063; x_wconf 76' lang='lat' dir='ltr'>punienda:</span> <span class='ocrx_word' id='word_1_570' title='bbox 2186 2985 2300 3062; x_wconf 87' lang='lat' dir='ltr'>proinde</span> 
     </span>
     <span class='ocr_line' id='line_1_76' title="bbox 1353 3073 2298 3160; baseline -0.01 -16"><span class='ocrx_word' id='word_1_571' title='bbox 1353 3085 1429 3160; x_wconf 87' lang='lat' dir='ltr'>quasi</span> <span class='ocrx_word' id='word_1_572' title='bbox 1441 3096 1527 3142; x_wconf 74' lang='lat' dir='ltr'>antus</span> <span class='ocrx_word' id='word_1_573' title='bbox 1538 3102 1634 3152; x_wconf 84' lang='lat' dir='ltr'>renam,</span> <span class='ocrx_word' id='word_1_574' title='bbox 1646 3101 1702 3140; x_wconf 94' lang='lat' dir='ltr'>non</span> <span class='ocrx_word' id='word_1_575' title='bbox 1715 3080 1853 3138; x_wconf 88' lang='lat' dir='ltr'>hominum</span> <span class='ocrx_word' id='word_1_576' title='bbox 1867 3077 1985 3147; x_wconf 76' lang='lat' dir='ltr'>consilia,</span> <span class='ocrx_word' id='word_1_577' title='bbox 2000 3077 2103 3149; x_wconf 76' lang='lat' dir='ltr'>legibus</span> <span class='ocrx_word' id='word_1_578' title='bbox 2115 3073 2298 3135; x_wconf 82' lang='lat' dir='ltr'>vindicentur:</span> 
     </span>
     <span class='ocr_line' id='line_1_77' title="bbox 1352 3162 2297 3239; baseline -0.012 -7"><span class='ocrx_word' id='word_1_579' title='bbox 1352 3173 1441 3232; x_wconf 92' lang='lat' dir='ltr'>minus</span> <span class='ocrx_word' id='word_1_580' title='bbox 1458 3173 1606 3230; x_wconf 89' lang='lat' dir='ltr'>dolendum</span> <span class='ocrx_word' id='word_1_581' title='bbox 1623 3169 1680 3238; x_wconf 83' lang='lat' dir='ltr'>luit,</span> <span class='ocrx_word' id='word_1_582' title='bbox 1699 3188 1729 3227; x_wconf 90' lang='lat' dir='ltr'>re</span> <span class='ocrx_word' id='word_1_583' title='bbox 1747 3185 1804 3225; x_wconf 92' lang='lat' dir='ltr'>non</span> <span class='ocrx_word' id='word_1_584' title='bbox 1823 3168 1957 3239; x_wconf 76' lang='lat' dir='ltr'>perlecta:</span> <span class='ocrx_word' id='word_1_585' title='bbox 1974 3164 2024 3221; x_wconf 93' lang='lat' dir='ltr'>aed</span> <span class='ocrx_word' id='word_1_586' title='bbox 2042 3162 2207 3236; x_wconf 88' lang='lat' dir='ltr'>puniendum</span> <span class='ocrx_word' id='word_1_587' title='bbox 2224 3174 2297 3222; x_wconf 86' lang='lat' dir='ltr'>certe</span> 
     </span>
     <span class='ocr_line' id='line_1_78' title="bbox 1478 3251 2344 3347; baseline -0.009 -30"><span class='ocrx_word' id='word_1_588' title='bbox 1478 3306 1532 3347; x_wconf 53' lang='grc' dir='ltr'><strong>Μ</strong></span> <span class='ocrx_word' id='word_1_589' title='bbox 1548 3258 1634 3316; x_wconf 85' lang='lat' dir='ltr'>nihilo</span> <span class='ocrx_word' id='word_1_590' title='bbox 1650 3256 1746 3315; x_wconf 79' lang='lat' dir='ltr'>minua</span> <span class='ocrx_word' id='word_1_591' title='bbox 1784 3253 1915 3328; x_wconf 89' lang='lat' dir='ltr'>Quotiens</span> <span class='ocrx_word' id='word_1_592' title='bbox 1930 3271 1982 3327; x_wconf 77' lang='lat' dir='ltr'>eqo</span> <span class='ocrx_word' id='word_1_593' title='bbox 1999 3251 2065 3326; x_wconf 90' lang='lat' dir='ltr'>ipse,</span> <span class='ocrx_word' id='word_1_594' title='bbox 2083 3251 2193 3322; x_wconf 86' lang='lat' dir='ltr'>iudices,</span> <span class='ocrx_word' id='word_1_595' title='bbox 2211 3273 2247 3314; x_wconf 79' lang='lat' dir='ltr'>ea</span> <span class='ocrx_word' id='word_1_596' title='bbox 2264 3257 2295 3314; x_wconf 86' lang='grc' dir='ltr'>Ρ.</span> <span class='ocrx_word' id='word_1_597' title='bbox 2308 3269 2344 3309; x_wconf 85' lang='lat' dir='ltr'>so</span> 
     </span>
    </p>
   </div>
   <div class='ocr_carea' id='block_1_28' title="bbox 2323 3400 2340 3456">
    <p class='ocr_par' dir='ltr' id='par_1_28' title="bbox 2323 3400 2340 3456">
     <span class='ocr_line' id='line_1_79' title="bbox 2323 3400 2340 3456; baseline 0 0"><span class='ocrx_word' id='word_1_598' title='bbox 2323 3400 2340 3456; x_wconf 83' lang='lat' dir='ltr'>t‘</span> 
     </span>
    </p>
   </div>
   <div class='ocr_carea' id='block_1_29' title="bbox 1770 3735 2367 3895">
    <p class='ocr_par' dir='ltr' id='par_1_29' title="bbox 1770 3735 2367 3895">
     <span class='ocr_line' id='line_1_80' title="bbox 1874 3735 2367 3787; baseline 0.01 -20"><span class='ocrx_word' id='word_1_599' title='bbox 1874 3755 1877 3759; x_wconf 91' lang='lat'><em>·</em></span> <span class='ocrx_word' id='word_1_600' title='bbox 2187 3773 2201 3787; x_wconf 29' lang='grc' dir='ltr'>,ἱ</span> <span class='ocrx_word' id='word_1_601' title='bbox 2210 3746 2316 3776; x_wconf 46' lang='lat' dir='ltr'>..rai-‘¹&#39;</span> <span class='ocrx_word' id='word_1_602' title='bbox 2357 3735 2367 3743; x_wconf 58' lang='grc'><strong>”</strong></span> 
     </span>
     <span class='ocr_line' id='line_1_81' title="bbox 1770 3878 1841 3895; baseline 0.014 0"><span class='ocrx_word' id='word_1_603' title='bbox 1770 3888 1785 3895; x_wconf 87' lang='lat'>..</span> <span class='ocrx_word' id='word_1_604' title='bbox 1801 3878 1820 3889; x_wconf 91' lang='lat'>···</span> <span class='ocrx_word' id='word_1_605' title='bbox 1831 3878 1841 3885; x_wconf 68' lang='lat'><em>⁶</em></span> 
     </span>
    </p>
   </div>
   <div class='ocr_carea' id='block_1_30' title="bbox 0 0 2378 3954">
    <p class='ocr_par' dir='ltr' id='par_1_30' title="bbox 0 0 2378 3954">
     <span class='ocr_line' id='line_1_82' title="bbox 0 0 2378 3954; baseline 0 6"><span class='ocrx_word' id='word_1_606' title='bbox 0 0 2378 3954; x_wconf 95' lang='lat' dir='ltr'> </span> 
     </span>
    </p>
   </div>
  </div>
 </body>
</html>
