4598 4064
63 129 77 175 4
401 113 441 167 M.
468 113 494 166 D
520 112 644 166 Ciceronis

61 220 233 289 prodiderunt,
254 240 315 278 eum
334 222 379 294 qui
398 223 477 295 patris
496 224 640 278 ulciscendi
656 243 735 278 causa
751 236 860 280 matrem
880 225 995 281 necavis·
1113 266 1117 314 Ι.

60 317 102 374 ttt,
117 308 223 366 variatis
237 310 377 367 bominum
391 311 536 380 sententiis,
559 331 614 368 non
633 315 719 370 solum
737 313 828 371 divina
846 316 894 370 sed
914 315 995 371 etiam

59 393 262 466 warina
276 396 344 456 deae
363 397 495 456 rentemie
514 399 661 458 liberatum.
700 402 782 473 Quod
804 402 828 459 si
848 401 1024 469 duodecimo
1071 477 1072 480 Ἴ

58 483 157 541 anuas
176 495 337 543 nocturnum
357 487 442 545 iurem
463 506 574 562 quoquo
595 489 687 560 modo,
709 489 833 547 diurnum
851 502 941 549 autem
970 491 994 549 si

56 587 82 630 tr
101 575 156 632 telo
177 574 341 644 defenderet,
363 574 475 634 interfici
498 576 606 651 impune
628 581 775 650 voluerunt,
798 579 858 652 quis
880 580 994 654 estqui,

56 677 159 734 quoquo
183 664 269 721 modo
294 665 355 736 quis
379 665 531 723 interiectus
553 668 594 735 sit,
617 667 782 739 puniendum
803 681 886 742 putet,
910 689 992 743 quum

55 749 137 808 vileat
151 752 298 826 aliquando
312 754 431 827 gladium
445 753 524 810 nobis
542 755 578 809 ad
600 755 779 811 occidendum
800 758 936 815 hominem
955 761 991 816 ab

28 833 111 910 divtis
121 840 219 915 porrigi
231 843 353 915 legibus?
386 841 471 913 Atqui
487 840 509 897 si
526 853 632 914 tempus
648 853 688 899 est
704 845 787 899 ullum
803 843 859 901 iure
876 844 991 902 hominis

72 970 229 1022 mmm
247 929 369 998 nemndi,
377 948 447 1002 quae
455 929 539 986 multa
550 941 621 998 sunt,
629 940 701 987 certe
713 930 778 987 illud
790 942 831 988 ert
840 949 896 988 non
905 932 990 990 modo

54 1017 122 1062 tna·
140 1035 178 1087 ς-
201 1024 227 1064 r·
244 1017 350 1085 iustum,
371 1035 463 1074 venrm
487 1016 567 1073 etiam
589 1017 773 1087 necessarium,
795 1036 878 1091 quum
900 1019 927 1076 vi
947 1019 990 1077 vis
1088 1010 1091 1017 ¹

10 1126 12 1135 ·
55 1074 227 1168 Um:
245 1105 484 1164 munerantur.
523 1105 680 1161 numeram
694 1106 989 1180 quamtamque

10 1166 13 1197 Ι
57 1177 113 1220 ''⁸''
244 1195 364 1253 tribunus
376 1194 494 1251 militaris
505 1193 533 1250 in
546 1195 661 1251 exercitu
677 1196 708 1252 (λ
724 1194 811 1262 Marii,
823 1195 989 1268 propinquus

58 1279 104 1338 eius
118 1280 290 1356 imperatoris.
308 1280 462 1338 interiectus
480 1282 516 1337 ab
537 1297 571 1337 eo
587 1291 627 1337 est
645 1279 689 1335 cui
708 1279 762 1335 rim
781 1281 935 1351 adserebat3
952 1283 987 1339 fn

59 1385 107 1428 tere
121 1373 193 1428 enim
210 1372 311 1444 probos
326 1370 482 1426 adulescens
503 1367 650 1441 periculose
666 1387 747 1441 quam
763 1368 865 1442 perpeti
877 1368 988 1443 turpiter

61 1457 249 1533 ululantque
270 1459 342 1516 hunc
361 1457 404 1516 ille
419 1475 538 1515 summus
556 1456 595 1513 vir
614 1459 713 1514 scelere
732 1459 847 1514 solutum
865 1460 984 1532 periculo

61 1543 169 1604 liberarit.
207 1545 360 1603 Insidiatori
372 1563 435 1603 vero
447 1557 475 1603 et
487 1544 583 1601 latroni
595 1563 664 1617 quae
676 1555 766 1618 potest
780 1545 868 1604 inferri
883 1548 980 1606 iniuste
996 1565 1030 1605 ro

62 1635 117 1690 rer?
147 1633 222 1706 Quid
234 1633 375 1691 comitetur
387 1631 478 1700 nostri,
490 1632 556 1706 quid
571 1632 653 1705 gladii
668 1634 783 1692 volunt?
799 1652 868 1708 quos
883 1637 982 1695 habete

63 1734 116 1780 oute
133 1741 191 1781 non
211 1722 311 1791 liceret,
331 1721 355 1779 ri
375 1721 415 1778 uti
436 1721 487 1778 illis
509 1724 584 1778 nullo
605 1733 685 1795 pacto
703 1723 801 1781 liceret
839 1727 889 1782 Est
906 1725 985 1798 igitur

84 1848 87 1855 ,
237 1812 314 1880 haee,
327 1809 434 1880 ludices,
449 1827 504 1866 non
517 1809 614 1883 scripta
628 1812 676 1868 sed
692 1809 819 1882 nata'lex,
832 1831 913 1886 quam
925 1833 982 1873 non

63 1879 220 1980 ἱππί
236 1898 378 1957 didicimus
386 1899 538 1972 accepimus
551 1899 669 1973 legimus,
678 1920 769 1959 verum
777 1920 811 1960 ex
823 1915 917 1961 natura
925 1903 984 1978 ipsa

57 1985 219 2078 Um&
235 1987 391 2060 arripuimus
408 1986 544 2042 hausimus
561 1988 737 2059 expressimur
746 2007 755 2058 ς
773 1991 808 2047 ad
827 2008 908 2062 quam
926 2009 983 2050 non

236 2073 313 2132 docti
330 2074 378 2130 sed
397 2072 466 2140 lacti,
486 2091 542 2129 uon
560 2073 672 2130 instituti
689 2077 738 2132 sed
764 2077 859 2134 imbuti
881 2097 981 2149 sumus,

61 2161 117 2228 uri
133 2162 187 2221 rite
204 2173 296 2220 nosne
312 2160 341 2219 in
358 2161 461 2235 aliquas
478 2161 594 2230 imidias,
614 2161 637 2220 si
655 2162 684 2219 in
702 2163 756 2219 vim
774 2175 802 2221 et
819 2165 848 2222 in
865 2169 919 2224 tela
934 2180 982 2227 aut

61 2245 169 2308 btronum
183 2261 232 2308 aut
247 2250 416 2308 inimicorum
433 2246 579 2318 incidisset,
597 2252 685 2308 omnis
697 2253 812 2311 honesta
827 2256 896 2313 ratio
907 2269 979 2316 emet

59 2340 220 2408 murmane
231 2339 331 2395 inlutis.
367 2337 537 2395 Silentenim
550 2340 623 2410 leges
636 2338 800 2410 interamna,
819 2360 871 2399 nec
887 2362 917 2401 se
935 2362 981 2402 ex·

58 2429 147 2495 bertari
159 2428 355 2500 iubentqnum
367 2425 393 2483 ei
405 2424 453 2499 qui
465 2437 619 2498 exspectare
626 2427 691 2484 relit
701 2438 765 2485 ante
777 2429 875 2488 iniusta
887 2448 977 2504 poene

72 2535 112 2588 try,
125 2538 159 2580 a.
177 2537 216 2580 u.
232 2515 334 2572 luenda
351 2512 386 2571 sit
404 2506 486 2587 quatu
503 2513 575 2572 iusta
591 2517 748 2588 repetenda.
786 2519 844 2575 Etsi
859 2523 977 2595 persapi·
991 2546 1021 2586 ιι

55 2591 218 2693 2¹31*ss
233 2615 311 2663 enter
326 2615 355 2662 et
372 2604 491 2677 quodam
507 2605 592 2663 modo
610 2606 691 2663 tacite
703 2609 751 2664 dat
763 2607 821 2681 ipsa
833 2609 877 2667 lex
889 2623 978 2684 potes·

54 2693 164 2742 drffl·
180 2697 216 2736 ὓ·
233 2704 315 2752 tatem
328 2692 501 2762 defendendi,
515 2711 584 2766 qnae
597 2711 653 2751 non
670 2694 808 2753 hominem
824 2698 913 2757 oocidi
929 2702 977 2759 sed

53 2750 213 2843 2⁶25:
230 2798 291 2840 esse
304 2798 367 2838 cum
385 2782 441 2839 telo
457 2781 574 2838 bominis
585 2781 730 2840 occidendi
746 2800 828 2840 causa
843 2797 924 2856 vetar,
937 2802 977 2861 ut,

52 2849 178 2896 Μ’*
231 2885 316 2942 quum
327 2883 409 2925 causa
420 2885 476 2925 non
488 2869 571 2926 telum
583 2883 760 2942 quaereretur,
774 2872 820 2947 qui
835 2873 876 2931 sui
887 2876 979 2934 delen·

52 2948 116 3011 leti
138 2972 222 3014 musa
241 2957 298 3014 telo
317 2966 388 3014 esset
408 2973 480 3024 usus,
505 2974 561 3014 non
585 2957 703 3015 hominis
727 2961 871 3020 occidendi
893 2981 975 3022 eausa

53 3037 159 3104 lamine
169 3046 253 3104 telum
264 3045 433 3104 indiceretur.
470 3045 644 3120 Quapropter
656 3048 710 3106 hoc
723 3062 831 3124 maneat
843 3050 872 3109 in
884 3070 973 3124 musa,

54 3126 154 3194 itiitere
168 3152 226 3194 noo
237 3133 311 3195 enim
321 3134 419 3194 dubito
435 3135 500 3210 quin
517 3138 676 3212 probaturus
692 3137 743 3197 rim
755 3141 833 3200 vobis
844 3140 977 3203 defensio·

53 3232 104 3278 tn
121 3239 214 3294 meam,
237 3220 262 3283 ri
284 3223 314 3283 id
334 3224 509 3284 memineritis
529 3226 604 3300 quod
627 3226 750 3286 oblivisci
773 3247 832 3291 noa
852 3232 972 3307 potetis,

55 3300 216 3369 Quaen
225 3308 282 3371 iare
291 3309 402 3369 'mterbci
414 3330 502 3385 posse.

32 3378 48 3444 l
118 3395 231 3470 &qsitrrr
264 3398 332 3458 illud
363 3403 436 3474 quod
467 3418 487 3460 a
520 3400 631 3468 Milonis
664 3398 785 3471 iiiimieis
819 3410 1022 3487 neplsrirnera
1128 3437 1132 3450 ·

1558 109 1610 161 Pru
1634 110 1660 160 T.
1682 106 1770 159 Aratio
1789 106 1892 159 lllr'louc.
2187 127 2200 172 5

1282 223 1326 270 Obi-
1344 237 1359 261 a·
1391 224 1438 292 ¹}{a
1457 220 1560 286 dicitur,
1586 220 1698 274 caedem
1725 219 1752 273 in
1780 237 1833 290 qua
1853 221 1881 273 P.
1903 216 2015 273 Clodius
2040 216 2143 270 occisus
2163 229 2202 271 est

1256 278 1439 378 {ida-‘ididia
1458 320 1581 364 senatum
1601 308 1732 363 iudicasse
1751 320 1845 362 contra
1860 324 1915 361 rem
1931 307 2065 377 publicam
2079 323 2137 359 esse
2149 306 2202 359 lac·

1256 384 1439 484 :222⁵ss
1458 406 1521 452 tam.
1568 396 1648 451 Illam
1673 413 1738 452 vero
1764 406 1873 451 senatus
1899 412 1955 450 non
1984 392 2123 449 sententiis
2148 393 2203 450 suis

1256 487 1375 529 ΝΜ
1457 487 1544 542 solum
1560 486 1608 542 sed
1626 484 1708 541 etiam
1725 484 1820 542 studiis
1836 484 2028 558 comprobavit
2067 480 2201 554 Quotiens
2264 531 2265 535 ,

1256 571 1330 630 enim
1348 585 1389 631 est
1406 573 1453 631 illa
1469 592 1551 631 causa
1568 593 1586 630 a
1603 575 1683 631 nobis
1699 587 1760 631 acta
1779 574 1806 630 in
1825 577 1930 631 senatul
1949 574 2046 647 quibus
2064 572 2202 630 adsensio·

1256 663 1336 722 nibus
1347 665 1462 722 uniuersi
1475 665 1585 731 ordinis,
1599 682 1681 736 quam
1694 682 1744 721 nec
1757 663 1845 720 tacitis
1856 681 1907 720 nec
1920 663 2043 720 occultisl
2081 662 2200 733 Quando

1255 751 1329 808 enim
1352 753 1567 824 frequentissimo
1592 765 1687 809 senatu
1712 764 1837 824 quattuor
1860 764 1907 809 aut
1926 769 2059 808 summum
2080 751 2200 823 quinque

1254 851 1318 898 sunt
1335 840 1437 896 inventi
1456 841 1502 912 qui
1524 840 1636 896 Milonis
1654 858 1763 895 causam
1780 858 1834 895 non
1855 840 2019 911 probarent?
2055 840 2200 894 Declarant

1277 976 1435 1017 mm
1453 926 1532 982 huius
1557 927 1673 982 ambusti
1692 926 1790 983 tribuni
1814 927 1901 999 plebis
1925 925 1987 982 illae
2011 924 2199 981 intermortuae

1253 1027 1324 1070 tm
1343 1031 1385 1069 trae
1403 1033 1436 1069 u·
1454 1017 1595 1071 contiones
1613 1016 1710 1087 quibus
1727 1015 1847 1086 quotidie
1862 1032 1950 1070 meam
1966 1013 2115 1086 potentiam
2134 1011 2200 1068 invi·

1253 1081 1437 1172 &2⁸:¹12
1454 1105 1532 1161 diose
1553 1104 1751 1171 criminabatur,
1773 1122 1856 1174 quurn
1878 1104 1979 1160 diceret
2000 1114 2123 1159 senatum
2143 1121 2200 1158 non

1252 1184 1385 1287 m*
1402 1185 1435 1225 ⁸¹⁸·
1454 1195 1529 1264 quod
1552 1193 1664 1249 sentiret
1683 1192 1732 1247 sed
1754 1191 1827 1263 quod
1853 1209 1905 1263 ego
1925 1193 2022 1247 vellem
2047 1190 2197 1246 decernere.

1452 1285 1530 1353 Quae
1550 1281 1659 1354 quidem
1679 1279 1701 1335 si
1721 1278 1847 1351 potentia
1869 1290 1910 1336 est
1931 1278 2093 1350 appellanda
2111 1276 2201 1349 potius

1252 1385 1335 1442 quarn
1352 1380 1399 1427 aut
1413 1383 1523 1443 propter
1543 1387 1641 1440 magna
1662 1367 1690 1424 in
1712 1385 1769 1424 rem
1786 1369 1923 1439 publicam
1943 1367 2036 1424 merita
2054 1366 2198 1424 mediocris

1252 1458 1282 1517 iu
1300 1459 1380 1518 bonis
1398 1461 1486 1517 causis
1504 1458 1649 1515 auctoritas
1666 1469 1714 1513 aut
1732 1469 1843 1530 propter
1866 1458 1917 1513 hos
1934 1456 2070 1514 officiosos
2094 1456 2200 1512 labotes

1252 1565 1329 1606 meos
1341 1550 1471 1606 nonnulla
1480 1549 1552 1622 apud
1562 1549 1649 1604 bonos
1657 1547 1750 1619 gratia,
1761 1547 1910 1619 appelletur
1918 1545 1956 1600 ita
1967 1562 2040 1612 sane,
2051 1543 2200 1601 dummodo

1251 1653 1286 1694 ea
1302 1654 1355 1694 nos
1370 1649 1476 1694 utamur
1494 1655 1542 1710 pro
1561 1638 1645 1693 salute
1665 1638 1798 1692 bonorum
1814 1646 1909 1690 contra
1924 1633 2069 1690 amentiam
2083 1631 2199 1704 perdito·

1273 1758 1303 1798 Α,
1314 1767 1335 1798 ω
1345 1760 1379 1798 q„
1393 1770 1434 1807 W
1452 1740 1518 1779 rum.
1557 1723 1640 1776 Hanc
1658 1739 1724 1776 vero
1742 1719 1934 1791 quaestionem,
1948 1717 1998 1774 etsi
2017 1735 2072 1774 non
2091 1728 2132 1774 est
2150 1716 2243 1783 ini-13

1251 1812 1433 1903 ἓξωεωίῑιῐα·
1451 1829 1513 1883 qua,
1526 1826 1674 1882 numquam
1687 1819 1777 1865 tamen
1796 1820 1904 1864 senatus
1920 1807 2136 1863 constituendam
2151 1825 2198 1880 pu·

1251 1875 1433 1967 ..wald
1451 1900 1529 1957 tavit:
1547 1910 1624 1956 erant
1640 1897 1713 1953 enirn
1730 1898 1811 1968 leges,
1824 1907 1905 1953 erant
1915 1896 2094 1968 quaestiones,
2108 1896 2150 1952 vel
2163 1895 2199 1951 de

1251 1971 1370 2012 *ω
1452 1989 1536 2045 caede
1548 1989 1591 2043 vel
1604 1986 1639 2042 de
1651 1985 1676 2041 vi
1682 2005 1691 2055 ;
1710 2003 1762 2041 nec
1774 1996 1878 2040 tantum
1891 2002 2039 2041 moerorem
2051 2001 2084 2040 ae
2097 1986 2196 2040 luctum

1252 2082 1357 2140 senatui
1373 2100 1445 2138 mors
1463 2083 1491 2136 P.
1507 2080 1597 2138 Clodii
1611 2080 1750 2135 adferebat
1766 2090 1795 2135 ut
1808 2096 1879 2134 nova
1891 2077 2014 2149 quaestio
2025 2079 2198 2135 constituere-

1252 2183 1302 2228 tur.
1340 2171 1424 2229 Cuius
1442 2169 1515 2225 enim
1534 2168 1569 2224 de
1587 2169 1635 2225 illo
1654 2168 1756 2224 incesto
1775 2179 1867 2239 stupro
1885 2166 2012 2224 iudicium
2034 2167 2198 2223 decernendi

1166 2294 1168 2299 ·
1236 2260 1239 2268 '
1252 2260 1356 2318 senatui
1367 2269 1486 2331 potestas
1499 2267 1568 2313 esset
1581 2267 1679 2329 erepta,
1690 2256 1725 2312 de
1738 2254 1794 2311 eius
1807 2254 1912 2312 interitu
1924 2254 1983 2327 quis
1993 2266 2082 2326 potest
2090 2256 2199 2312 credere

1252 2359 1374 2406 renatum
1393 2345 1521 2403 iudicium
1541 2362 1640 2400 novum
1660 2343 1877 2400 constituendum
1896 2345 2023 2415 putasse?
2050 2345 2106 2399 Cur
2120 2342 2199 2415 igitur

1251 2435 1406 2494 incendium
1423 2434 1519 2500 curiae,
1535 2432 1762 2504 oppugnationem
1780 2431 1887 2486 aedium
1907 2432 1946 2486 M.
1962 2430 2065 2502 Lepidi,
2083 2431 2196 2487 medem

1250 2525 1322 2582 banc
1333 2524 1419 2596 ipsam
1431 2533 1525 2578 contra
1536 2538 1591 2576 rem
1607 2519 1741 2591 publicam
1757 2530 1864 2574 senatus
1878 2518 1975 2573 laetam
1989 2535 2049 2573 esse
2060 2517 2199 2574 decrevit?

1250 2611 1315 2685 quia
1325 2611 1399 2666 nulla
1407 2608 1446 2665 vis
1461 2624 1587 2679 umquam
1598 2617 1638 2661 est
1653 2604 1680 2660 in
1693 2605 1776 2660 libera
1785 2604 1892 2659 civitate
1906 2614 2030 2675 suscepta
2043 2603 2112 2661 inter
2124 2603 2197 2661 cives

1249 2717 1307 2759 non
1321 2709 1415 2756 tantm
1428 2714 1484 2754 rem
1499 2695 1642 2769 publicam.
1680 2695 1745 2751 Non
1761 2693 1833 2750 enim
1850 2703 1892 2750 est
1908 2692 1953 2749 illa
1968 2692 2088 2750 defensio
2104 2703 2197 2751 canna
2210 2712 2244 2762 re

1249 2789 1305 2846 vim
1322 2803 1450 2858 umquam
1469 2784 1596 2857 optanda,
1611 2783 1659 2839 sed
1676 2799 1731 2838 non
1748 2800 1894 2854 numquam
1909 2791 1950 2838 est
1964 2780 2128 2838 neoessaria:
2146 2781 2198 2839 nisi

1248 2893 1314 2933 vero
1331 2885 1378 2931 tut
1399 2872 1444 2929 ille
1465 2872 1523 2928 dies
1545 2888 1600 2942 quo
1621 2869 1664 2926 Ti.
1682 2867 1823 2926 Gracchus
1838 2880 1879 2927 est
1896 2887 1999 2937 caesus,
2016 2880 2064 2927 aut
2080 2868 2126 2927 ille
2142 2888 2198 2944 quo

1248 2962 1340 3031 Gaius,
1359 2971 1406 3018 aut
1422 2976 1497 3015 arma
1513 2956 1646 3015 Saturnini
1663 2975 1725 3024 non,
1743 2956 1847 3014 etiamsi
1865 2975 1881 3015 e
1898 2976 1928 3015 re
1945 2955 2053 3030 publica
2070 2974 2198 3030 oppressa

1215 3057 1236 3127 6
1268 3066 1431 3113 remam
1449 3058 1518 3115 sunt,
1540 3064 1597 3104 rem
1617 3045 1751 3120 publicam
1776 3057 1865 3103 tamen
1887 3048 2063 3103 vulneramnt
2101 3048 2198 3119 Itaque

1124 3160 1132 3186 ι
1249 3117 1435 3213 a&
1451 3154 1503 3209 ego
1521 3134 1579 3210 ipse
1593 3133 1707 3202 decrevi,
1720 3153 1803 3208 quum
1822 3135 1933 3192 eaedem
1951 3133 1980 3191 in
1994 3132 2084 3206 Appia
2099 3133 2198 3191 iactam

1248 3223 1432 3274 '’Mb‘’
1450 3245 1509 3285 esse
1521 3237 1662 3294 constaret,
1677 3243 1734 3282 non
1746 3243 1808 3282 eum
1822 3223 1869 3297 qui
1884 3241 1913 3282 se
1927 3220 2091 3281 defendisset
2105 3233 2200 3280 contra

1248 3278 1433 3376 mxi
1449 3315 1654 3391 rempublicam
1666 3313 1767 3384 iecisse,
1781 3315 1838 3382 sed,
1851 3331 1934 3387 quum
1947 3311 2065 3368 inensem
2078 3309 2108 3368 in
2118 3330 2148 3369 re
2158 3311 2200 3370 ris

1249 3382 1434 3477 ssffis:
1451 3418 1479 3466 et
1499 3406 1620 3477 insidiae,
1637 3404 1738 3462 mimen
1755 3403 1854 3461 iudicio
1869 3399 2007 3470 marari,
2024 3416 2081 3456 reta
2099 3400 2200 3460 notari.

1365 3559 1380 3624 i*
1863 3627 1996 3650 ..-·--

1742 3657 1767 3666 ,
1784 3645 1862 3661 ...σθ’

1648 3680 1763 3697 Μαι·-
