4748 3954
478 341 722 402 artemis

243 446 980 556 rsudemtamsudacitamneirriabeluadooere
1000 462 1071 520 mag·

273 567 305 608 r..

240 619 305 713 ’ἢ
321 622 494 699 propositam,
507 623 752 698 magnrsutilitates
763 623 852 681 fuisse.
893 623 990 694 ltaque
1002 620 1070 678 illud

284 725 311 776 d
324 714 483 774 Cassianum
495 729 541 772 cvr
554 728 631 770 norro
644 727 746 769 rvrarr
757 711 786 769 in
793 712 835 769 hir
844 709 965 786 personis
974 709 1071 781 raleat;

245 841 269 871 ..
280 829 305 870 a,
322 801 372 861 etsi
389 799 456 861 boni
473 802 548 859 nullo
566 801 750 859 emolumento
767 798 940 874 impelluntur
957 796 986 855 in
1003 797 1070 854 irau-

123 881 228 975 m:
238 883 304 975 x
320 888 393 958 dem,
410 885 526 960 improbi
543 905 625 960 saepe
640 904 730 960 paruo
767 886 852 959 Atqui
871 887 976 944 Milone
992 883 1070 941 inter·

97 1020 101 1027 .
122 987 147 1026 a
159 986 182 1026 ιι
194 986 225 1026 aa
234 995 306 1028 aa·
322 978 394 1034 lecto
418 975 531 1035 Clodius
555 976 608 1032 hoc
631 975 829 1046 assequebatur,
854 991 911 1031 non
935 971 1019 1030 modo
1038 981 1070 1028 ut

123 1045 199 1088 ’Μ
321 1073 430 1135 praetor
450 1073 521 1118 esset
545 1079 601 1117 non
622 1077 657 1117 eo
677 1064 789 1118 consule
806 1078 861 1133 quo
880 1060 987 1119 sceleris
1001 1057 1069 1116 nibil

123 1143 1069 1220 fioerepossetsedetiamutiisconsulibuspraetoresretquibumi
1121 1203 1123 1208 ,

123 1251 179 1294 non
190 1235 378 1294 mumdum
390 1245 419 1293 at
430 1233 635 1292 conniventibus
650 1247 730 1303 certe,
743 1243 861 1307 speraret
880 1250 961 1307 posse
972 1251 1002 1291 se
1013 1234 1069 1291 elu-

122 1325 187 1383 dere
204 1323 233 1381 in
244 1322 297 1381 illis
308 1323 363 1381 suis
378 1321 501 1396 cogitatis
515 1322 647 1404 furoribus
654 1341 664 1392 3
683 1321 759 1380 cuius
773 1321 811 1379 illi
826 1335 949 1392 conatus,
966 1334 998 1381 ut
1008 1322 1068 1397 ipse

121 1411 335 1484 ndodmuatur,
344 1424 534 1486 neceuperent
544 1411 728 1485 reprimeresi
739 1423 857 1485 possent,
867 1429 951 1486 quum
960 1422 1067 1470 tantum

122 1500 282 1559 beneficium
298 1499 324 1559 ei
342 1517 371 1557 se
389 1501 489 1558 debere
505 1499 694 1558 arbitrarentur
699 1519 709 1572 3
727 1512 762 1569 et,
783 1500 806 1558 si
822 1503 930 1570 vellent,
951 1502 1065 1560 fortasse

120 1588 166 1646 vir
182 1598 294 1663 possent
310 1589 431 1661 iungere
448 1588 564 1644 hominis
581 1587 776 1645 sceleratissimi
793 1589 992 1646 corroboratam
1009 1588 1064 1646 iam

120 1687 253 1735 mute
270 1677 416 1733 audaciam
454 1678 499 1732 An
519 1693 591 1743 vero,
608 1675 718 1743 iudices,
734 1692 784 1732 vos
800 1675 850 1732 soli
867 1675 1002 1748 ignoratis,
1014 1693 1064 1733 ros
1075 1700 1111 1756 33
1172 1733 1174 1745 A

120 1763 443 1838 bospitesinlracurbe
466 1762 615 1833 versamini
635 1776 740 1821 restrae
762 1763 963 1836 peregrinantur
986 1781 1064 1822 aures

119 1868 209 1925 neque
222 1853 251 1910 in
266 1853 319 1910 boc
337 1863 482 1926 pervagato
501 1853 616 1909 civitatis
632 1869 756 1910 sermone
773 1866 918 1921 venantur,
935 1871 1003 1926 quas
1020 1855 1065 1911 ille

41 1975 45 1983 -
119 1941 192 2015 leges
212 1940 247 2016 (si
264 1943 338 2014 leges
355 1942 536 1998 nominandae
555 1951 624 2011 sunt,
637 1957 671 1998 ac
686 1959 743 1998 non
762 1942 836 2000 iaces
851 1944 924 2000 urbis
936 1956 964 2001 et
975 1953 1065 2018 pestes

119 2029 157 2088 rei
167 2030 303 2104 publicae)
315 2029 394 2087 inerit
403 2029 573 2102 impositurus
588 2029 667 2086 nobis
683 2029 808 2086 omnibus
818 2043 899 2104 atque
911 2031 1066 2089 iuncturus?

141 2168 213 2211 m
220 2168 299 2211 ω
317 2118 422 2175 Exhibe
433 2135 542 2191 quaeso,
555 2120 634 2176 Sexte
646 2119 841 2189 mortaline
852 2121 987 2178 librarium
999 2118 1065 2176 illud

106 2221 302 2281 ⁸autrannus-u·
319 2208 408 2279 legum
424 2218 578 2273 vestrarum,
591 2206 665 2278 quod
680 2216 707 2264 te
725 2207 800 2264 aiunt
814 2207 942 2280 eripuisse
954 2224 970 2265 e
981 2207 1065 2264 domo

119 2272 301 2365 ΕᾮῺ
318 2301 346 2348 et
363 2308 398 2349 ex
418 2292 514 2349 mediis
531 2291 612 2348 nmis
630 2293 760 2364 turboque
778 2303 910 2349 nocturna
928 2303 1066 2366 tamqusm

118 2377 301 2479 3*Ὑῦ
318 2381 654 2451 Wiwffifflssffll
663 2381 1064 2454 praeclammridellcetmunur
1180 2436 1183 2445 ,

118 2481 302 2585 2⁸2?
318 2480 401 2544 atque
420 2470 625 2528 instrumentum
652 2471 801 2528 tribunatus
828 2471 864 2529 ad
891 2472 1017 2545 aliquem,
1041 2470 1065 2527 si

118 2646 222 2705 deierre
239 2663 341 2721 posses.
360 2649 379 2686 θ
396 2648 412 2682 ⁸
430 2652 475 2706 An
499 2650 577 2706 buius
600 2651 646 2707 ille
669 2651 743 2724 legis,
761 2667 842 2722 quam
866 2653 926 2709 Sea.
952 2651 1064 2711 Clodius

118 2750 137 2790 a
156 2752 187 2793 se
205 2735 343 2792 intentam
360 2736 493 2809 gloriatur,
512 2738 678 2795 mentionem
696 2740 784 2795 iacere
802 2756 884 2796 ausus
901 2751 981 2807 esset,
1001 2739 1064 2798 viro

120 2820 235 2893 Milone,
247 2841 282 2880 ne
293 2824 383 2881 dicam
394 2826 524 2883 consule?
559 2826 604 2881 De
619 2835 740 2882 nostrum
751 2826 965 2883 omnium-non
975 2827 1065 2884 audeo

118 2921 208 2969 murm
226 2912 323 2969 dicere.
360 2912 459 2969 Videte
478 2911 544 2986 quid
563 2929 597 2970 ea
614 2912 673 2970 ritii
690 2914 736 2971 lex
752 2913 875 2971 habitura
893 2914 972 2973 luerit
988 2915 1064 2973 cuius

117 2997 603 3071 pc'aerrlonetimreprehensioest
642 3000 1064 3074 litadspeaitmeillisquidera

118 3085 206 3144 omlis
222 3087 320 3159 quibus
337 3097 395 3144 tam
415 3090 520 3146 solebat
539 3105 622 3163 quum
641 3088 767 3147 omnibus
785 3088 878 3146 omnia
897 3088 1064 3150 minabatur:

63 3185 212 3257 r3moret
229 3192 275 3233 me
298 3174 399 3249 quippe
415 3177 507 3233 lumen
530 3178 626 3234 cunae
664 3177 760 3249 Quid?
777 3187 806 3234 tu
824 3193 870 3235 me
889 3176 938 3235 tibi
958 3178 1063 3249 baum,

117 3263 209 3327 serre.
226 3274 313 3335 prus.
333 3265 409 3320 orius
429 3274 460 3321 tu
483 3263 694 3321 inimleissimum
716 3265 803 3322 multo
826 3264 959 3323 modeim
983 3267 1064 3325 edom

118 3350 933 3428 pumuunqmmerarhummirarismeaepornuaret
966 3355 1063 3414 ‘lun

118 3439 212 3499 etodit
229 3451 368 3498 mentum
386 3442 502 3499 mdaver
518 3440 619 3500 eiecisti
637 3442 729 3511 domo,
744 3452 774 3499 tu
792 3441 821 3500 in
838 3440 977 3517 publicum
993 3443 1068 3502 abie-

117 3527 188 3598 out.
212 3539 243 3586 tu
265 3529 409 3603 spoliatum
436 3528 596 3603 imaginibus
624 3529 745 3604 exequiis
775 3549 877 3607 pompa
901 3531 1066 3602 laudatione,

118 3615 308 3676 idelioissimis
324 3616 404 3691 l‘gnis
422 3617 633 3686 mimilevum.
649 3619 787 3688 nocturnis
804 3622 918 3682 mnibus
937 3621 1067 3680 dibnian-

323 534 1071 610 nameiosurammngnrmspeminMilonisroorte
1170 520 1174 544 ⁸

1324 1179 1383 1220 narr.

317 2563 1063 2637 meumqutnountrtotrnumnmgmm.
1168 2534 1174 2635 s

1625 312 1682 369 sto
1702 337 1731 368 r.
1750 335 1841 367 arroso
1856 333 1962 367 musac·

1329 421 1396 502 dunt
1407 419 1542 494 reliquisti.
1580 422 1643 492 Qus
1659 439 1689 478 re
1704 420 1754 478 etsi
1768 419 1867 478 nefarie
1882 419 1975 491 iecisti,
1988 430 2087 489 tamen,
2100 419 2229 494 quoniam
2243 419 2272 478 in

1329 525 1393 566 meo
1415 505 1524 565 inimico
1547 507 1731 564 crudelitatem
1761 505 1948 581 exprompsisti
1971 517 2052 577 tuam,
2079 507 2187 565 laudare
2215 523 2272 564 non
2341 500 2345 509 '

1297 592 1812 679 ·possum,irascioertenondebeo
1834 595 2268 654 '’'iueritocridiMilonem

1526 681 1681 756 convertite
1708 680 1812 740 animos
1833 693 1906 740 manc
1928 680 2045 740 uicissim
2067 682 2104 740 ad
2127 683 2312 752 Milonemga

1326 753 1508 855 „fflssffiffl
1525 768 1600 842 Quid
1618 769 1730 828 Milonis
1744 771 1868 828 intererat
1885 768 1996 828 interfici
2014 768 2159 828 Clodium?
2195 769 2269 842 Quid

1325 867 1361 952 ζ
1366 859 1508 953 aaz·
1524 871 1581 917 erat
1592 877 1640 916 cur
1652 859 1729 927 Milo,
1739 877 1796 917 non
1811 859 1900 916 dicam
1912 857 2129 928 admitteretsed
2146 862 2271 933 optaret?

1324 964 1505 1010 mercadus.
1525 949 1674 1005 ‘Obstabat
1689 947 1718 1003 in
1732 965 1781 1019 spe
1792 949 1944 1004 consulatus
1957 946 2055 1006 Miloni
2069 947 2196 1007 Clodius'
2232 952 2269 1007 At

1324 1016 1361 1107 ξ’
1373 1018 1506 1108 3ζῖ
1523 1052 1558 1093 eo
1569 1046 1735 1109 repugnante
1746 1036 1828 1091 fiebat
1835 1055 1845 1106 3
1859 1034 1941 1091 imrno
1952 1052 2017 1091 vero
2028 1052 2063 1092 eo
2074 1036 2156 1094 nebat
2166 1036 2251 1108 magis
2260 1055 2269 1112 5

1325 1119 1406 1169 *Ν*
1420 1119 1453 1159 ⁸¹²·
1463 1129 1508 1159 ⁶¹⁸·
1525 1142 1576 1180 neo
1597 1141 1641 1180 me
1660 1125 1830 1196 suffragatore
1844 1122 1954 1180 meliore
1974 1124 2097 1180 utebantr
2110 1141 2192 1197 quam
2207 1125 2271 1182 Clo·

1522 1211 1577 1268 dio
1613 1212 1729 1268 Volebat
1747 1210 1821 1283 apud
1836 1227 1893 1279 vos,
1906 1210 2014 1279 iudices,
2028 1211 2140 1269 Milonis
2150 1230 2214 1284 erga
2224 1229 2268 1270 me

1323 1312 1434 1369 remque
1457 1297 1592 1370 publicam
1621 1297 1775 1355 meritorum
1802 1297 1931 1354 memoria
1937 1318 1947 1369 ;
1976 1298 2103 1357 valebant
2124 1317 2217 1374 preces
2240 1314 2269 1361 et

1323 1383 1448 1442 larrium
1466 1396 1582 1455 nostrae,
1600 1386 1698 1458 quibus
1715 1402 1768 1458 ego
1785 1396 1842 1443 turn
1861 1403 1911 1443 vos
1925 1385 2035 1444 mirifice
2052 1389 2154 1446 moveri
2171 1390 2268 1449 sentie-
2345 1453 2350 1464 ,

1322 1472 1386 1529 bam
1393 1491 1403 1543 3
1416 1472 1465 1531 sed
1480 1474 1542 1546 plus
1553 1475 1638 1531 multo
1650 1475 1756 1532 valebat
1767 1473 1944 1547 periculorum
1956 1475 2167 1548 impendentium
2180 1478 2264 1536 timor.

1322 1560 1392 1633 Quis
1409 1562 1482 1618 enim
1500 1572 1557 1619 erat
1574 1561 1673 1619 civium
1690 1561 1737 1635 qui
1755 1562 1806 1619 sibi
1826 1565 1942 1620 solutam
1958 1565 1988 1622 P.
2006 1565 2097 1623 Clodii
2115 1578 2266 1640 praeturam

1321 1649 1380 1706 sine
1392 1650 1510 1707 maximo
1522 1668 1611 1708 rerum
1623 1668 1752 1707 novarum
1764 1662 1837 1708 metu
1848 1655 2031 1723 proponeret?
2046 1653 2161 1710 solutam
2175 1665 2265 1712 sutem

1248 1783 1250 1788 .
1321 1737 1379 1794 iore
1396 1737 1536 1809 videbatis,
1550 1738 1602 1796 nisi
1619 1750 1691 1796 esset
1709 1738 1731 1795 is
1747 1741 1841 1795 consul
1856 1739 1904 1812 qui
1918 1757 1979 1796 enm
1994 1740 2105 1798 auderet
2121 1752 2265 1815 possetque

1321 1825 1510 1898 constringere.
1549 1828 1621 1883 Eum
1642 1827 1775 1884 Milonem
1794 1844 1877 1883 unum
1899 1844 1958 1884 esse
1979 1843 2062 1899 quum
2081 1828 2192 1887 sentiret
2210 1829 2267 1887 uni·

1320 1932 1413 1973 versus
1424 1917 1540 1988 populus
1553 1919 1702 1986 Romanus,
1715 1915 1775 1990 quis
1787 1916 1921 1975 dubitaret
1933 1917 2058 1990 suffragio
2075 1934 2126 1975 suo
2141 1937 2171 1976 re
2182 1928 2264 1990 meur,

1320 2004 1441 2077 periculo
1463 2023 1521 2062 rem
1545 2005 1682 2078 publicam
1706 2006 1839 2064 liberare?
1876 2010 1916 2064 At
1940 2026 2013 2065 nunc
2037 2009 2137 2067 Clodio
2160 2020 2265 2067 remoto

1343 2150 1408 2191 u·
1422 2149 1502 2192 0⁶⁵-
1518 2093 2265 2255 liltttt‘tltltnllllttl

1319 2202 1504 2357 ἷξὲωζὲ
1518 2199 1595 2324 celiis
1614 2267 1707 2339 gloria,
1725 2286 1795 2341 quae
1813 2270 1935 2342 quotidie
1952 2273 2098 2343 augebatur
2111 2273 2264 2347 frangendis

1318 2412 1502 2513 mn
1518 2357 2264 2426 uu*

1318 2516 1467 2565 ’ψῃ
1516 2537 1671 2638 citationem
1682 2536 1791 2605 virtutis,
1804 2538 2018 2637 suffragationem
2029 2542 2191 2640 conoslatus,
2204 2542 2262 2600 ion-

1318 2636 1373 2684 tem
1385 2642 1531 2724 pmennmu
1546 2627 1647 2724 gloriae
1662 2643 1726 2682 suae
1741 2625 1864 2723 perdidit.
1902 2628 1999 2698 ltaque
2016 2629 2128 2686 Mrlonrs
2141 2631 2263 2688 consula·

1318 2722 1441 2873 ttrtl
1452 2712 1631 2872 litte
1648 2712 2259 2875 ttmttffirllttttt

1316 3058 1968 3137 nondicomaioraiuenrntinclodioquamin
1987 3066 2259 3136 Milouesedinillo

1338 3228 1496 3271 mmm
1514 3149 1835 3299 ωώωωζεὼοὶἷὲω
1847 3153 1913 3254 quid
1929 3155 2009 3229 vultis
2021 3157 2155 3231 amplius?
2185 3160 2259 3262 Quid

1314 3281 1499 3425 qqugq
1512 3250 1704 3399 ἰῒέψιξ
1711 3243 2261 3406 &dimam

1208 3404 1214 3413 '
1314 3435 1465 3486 ..r-..aa
1512 3411 1795 3486 improborouimusr
1831 3417 2261 3492 neminemnam

1509 3502 1676 3561 defensorem
1688 3504 1779 3563 salutis
1790 3523 1875 3576 mere,
1887 3505 1986 3564 deinde
1997 3505 2261 3574 menbrum.

1314 3585 2262 3668 domitmmnmnmummoumpostre'moetiamaccruatorem
