4748 3954
156 162 433 176 -...--..,...-....
476 158 585 182 .....,.

138 245 153 300 8
480 243 524 299 M.
548 243 577 298 z
601 241 731 298 Ciceronis
810 266 812 271 ⁴

137 349 316 448 gen:
332 348 422 424 peium
433 358 541 408 nosmet
552 347 626 422 ipsos
636 366 698 407 mm
711 351 741 408 P.
758 350 856 409 Clodio
870 352 990 410 conferre
1002 351 1082 411 aude·

136 474 174 510 ‚g
204 463 314 509 M
332 453 423 493 amuss
441 434 589 493 tolerabilia
609 436 715 492 suerunt
733 435 790 507 illa;
811 439 840 496 P.
859 437 950 496 Clodii
967 450 1080 496 monem

135 519 316 625 &aeliz
333 542 421 598 aequo
432 524 524 582 animo
539 541 620 581 nemo
639 525 705 582 ierre
726 535 822 598 potest
860 528 947 600 Luget
964 537 1080 596 tellam&

134 633 315 683 μυωιιι
332 621 434 670 moeret
450 622 573 685 equester
586 612 662 679 ordo,
682 620 740 670 tota
754 611 847 671 civitas
863 616 986 672 coniecta
1004 613 1080 672 senio

132 711 182 771 est,
197 701 321 774 squalent
339 698 491 773 municipia,
508 698 679 758 adflictantur
689 700 820 770 coloniae,
833 701 888 777 agri
900 701 1016 776 denique
1028 700 1080 776 ipsi
1128 745 1135 760 .

80 780 84 791 “
133 798 190 846 tam
210 790 361 847 beneficum
382 799 437 846 tam
461 787 602 845 salutarem
626 799 682 845 tam
709 801 878 847 mansuetum
901 789 988 849 duem
1011 789 1080 850 desi·

155 886 314 929 anmrw
333 878 433 935 derant.
472 879 536 934 Nou
566 876 615 933 iuit
643 895 676 934 ea
701 895 788 946 causa,
815 877 924 946 iudices,
950 879 1121 959 proiectqar

130 939 316 1043 ἴῃῖῃ
333 982 389 1022 non
406 963 455 1021 suit
472 982 520 1020 cur
537 961 587 1021 sibi
605 975 725 1022 censeret
738 965 881 1039 Pompeius
894 957 1078 1040 quaestions·

131 1055 184 1087 ¹¹⁸
196 1044 315 1138 ἐπ’
332 1053 481 1124 ferendam5
499 1051 547 1110 sod
566 1053 649 1110 homo
665 1053 770 1128 sapiens
784 1066 865 1129 atque
879 1058 934 1113 alta
947 1066 975 1114 et
988 1056 1080 1116 divina

129 1151 187 1200 aab
202 1151 236 1190 th·
252 1157 315 1212 μου
331 1141 448 1212 quadam
465 1151 556 1197 mente
573 1142 708 1214 praeditus
726 1144 810 1201 multa
827 1145 910 1216 vidit3
933 1146 1013 1205 luisse
1028 1148 1080 1206 sibi
1184 1149 1196 1168 “
1227 1149 1233 1163 '
1288 1159 1292 1166 “

209 1200 314 1294 fflffi
332 1229 405 1286 illum
417 1227 562 1296 inimicum,
575 1230 728 1287 familiarem
739 1231 887 1292 Milonem:
905 1232 934 1291 iu
942 1235 1079 1293 communi

216 1305 316 1347 &auat

232 1357 314 1399 ,w
331 1319 451 1378 omnium
463 1317 598 1377 laetitiasi
615 1319 696 1377 etiam
714 1319 771 1394 ipse
788 1322 923 1394 gauderet,
941 1322 1027 1381 timuit
1043 1342 1079 1383 ne
1138 1363 1142 1376 .

228 1412 316 1503 2⁸ss
332 1408 464 1466 rideretur
471 1406 599 1466 infirmior
606 1409 672 1465 fides
678 1408 863 1468 recondliatae
869 1410 976 1485 gratiae
991 1415 1080 1471 Multa

129 1528 190 1557 aa
204 1515 273 1555 aas
290 1515 314 1554 s·
331 1493 411 1552 etiam
420 1494 473 1551 alia
481 1492 685 1562 riditsedillud
694 1495 817 1566 maxime,
826 1499 947 1569 quamvis
955 1497 1080 1557 atrociter
1133 1503 1136 1508 ’

130 1568 314 1616 nabur-

129 1620 201 1662 Μ
240 1618 314 1660 m„
331 1580 388 1655 ipse
404 1581 514 1651 tulisset,
532 1598 581 1638 vos
597 1591 687 1638 tamen
703 1581 805 1640 sortiter
820 1582 988 1643 iudicaturos.
1026 1586 1083 1643 lta·

129 1673 217 1776 „du
223 1671 316 1765 dm
331 1686 385 1741 que
395 1669 494 1741 delegit
508 1686 525 1727 e
539 1667 730 1727 florentissimis
744 1669 882 1728 ordinibus
896 1670 955 1745 ipsa
968 1671 1076 1732 lumina.

129 1779 163 1821 u.
179 1790 223 1820 m
237 1778 314 1820 nasa
333 1759 429 1829 Neque
446 1773 518 1825 vero,
533 1756 606 1829 quod
622 1772 679 1812 non
696 1756 761 1813 nulli
778 1755 908 1827 dictitant,
926 1758 1038 1817 secrevit
1049 1758 1077 1816 in

130 1849 265 1908 iudicibus
275 1845 396 1920 legendis
409 1844 512 1901 amicos
527 1862 618 1903 meost
636 1862 725 1918 neque
742 1843 814 1903 enirn
830 1847 884 1904 hoc
901 1845 1027 1921 cogitavit
1038 1846 1079 1906 vir
1158 1908 1164 1919 ,

130 1934 298 2002 mmmm
312 1950 401 2006 aeque
417 1931 446 1989 in
461 1931 541 1990 bonis
557 1931 618 1990 viris
636 1932 757 2006 legendis
775 1931 803 1989 id
814 1933 926 2008 adsequi
938 1934 1076 2008 potuisset,

130 2023 214 2090 etiam
235 2019 259 2077 ai
279 2017 412 2092 eupimet:
429 2034 485 2074 non
503 2015 575 2074 enim
594 2034 655 2073 mea
675 2015 759 2089 gratia
776 2016 994 2076 familiaritatibus
1015 2036 1078 2076 con·

74 2160 80 2174 ,
129 2110 238 2179 tinetas,
250 2125 320 2182 quae
334 2108 387 2165 late
402 2115 493 2179 patere
509 2122 565 2161 non
581 2114 701 2178 possunt,
719 2115 859 2178 propterea
876 2108 951 2179 quod
967 2124 1079 2165 consue·

118 2199 240 2259 ,ωιῑῃη
262 2197 348 2254 victua
371 2212 427 2253 non
451 2203 564 2268 possunt
587 2210 646 2252 esse
671 2211 732 2250 cum
756 2194 940 2265 multiszsed,
964 2195 1077 2270 siquid

128 2305 282 2364 manua
293 2303 328 2344 ea
339 2302 373 2342 eo
383 2301 525 2358 mumius
536 2284 612 2356 quod
625 2301 667 2340 res
682 2283 789 2358 publica
803 2302 854 2342 nos
866 2283 1003 2342 coniunxit
1014 2303 1076 2344 cum

128 2377 225 2448 bonia;
242 2394 277 2435 ea
287 2373 384 2448 quibus
395 2372 440 2430 ille
451 2389 534 2446 quum
547 2371 663 2444 optimos
674 2371 745 2429 siros
757 2373 855 2446 legeret
867 2371 948 2446 idque
960 2372 1076 2432 maxime

128 2470 167 2528 ad
185 2468 268 2526 fidem
289 2475 371 2523 susm
384 2461 515 2538 pertinere
535 2460 710 2530 arbitraretur,
730 2479 786 2520 non
804 2461 892 2535 potuit
911 2464 998 2536 legere
1018 2480 1075 2522 nou

152 2598 200 2641 ..s
215 2596 263 2639 „a
278 2595 312 2639 a.
328 2549 463 2612 tulino·
483 2550 543 2609 mel
582 2549 664 2622 Quod
684 2570 747 2609 vero
768 2560 803 2621 te,
826 2553 856 2610 1.
876 2551 987 2624 nomio
1011 2554 1074 2613 susc
1086 2577 1120 2616 ιι

128 2655 313 2705 *ΜΨ
330 2640 479 2717 qtmfioni
500 2658 622 2715 praeesse
649 2639 764 2698 manium
787 2641 879 2710 voluit,
898 2642 965 2700 nihil
995 2663 1075 2718 quae.
1124 2664 1128 2674 ·

129 2715 255 2813 ’ξιξ
274 2713 314 2754 ¹*
330 2727 391 2788 sirit
414 2728 487 2787 aliud
510 2727 561 2785 nisi
591 2728 717 2786 iustitiam
747 2730 903 2808 gravitatem
928 2732 1076 2792 humanita·

128 2782 313 2879 Mai:
329 2827 385 2874 tem
405 2815 494 2874 fidem.
532 2814 606 2873 Tulit
624 2826 654 2873 ut
674 2819 840 2875 consularem
862 2835 972 2878 necesse
993 2833 1076 2895 esaet3

129 2887 179 2929 “⁸
327 2905 410 2964 medo
433 2904 508 2978 quod
532 2902 681 2979 principum
704 2922 802 2963 munus
822 2924 881 2965 esse
900 2907 1017 2968 ducebat
1036 2928 1076 2970 re·

128 2995 222 3056 inere
243 3005 271 3054 et
291 2992 392 3053 levitati
414 2992 591 3052 multitudiuis
609 3004 638 3052 et
655 2994 818 3068 perditomm
840 2997 987 3058 temeritati.
1033 3003 1076 3061 Ea

126 3084 311 3144 maanus
329 3091 358 3140 ts
377 3080 477 3140 meavit
491 3080 657 3153 potissimum
661 3100 671 3154 ς
697 3082 811 3140 dederas
827 3083 899 3142 enim
915 3102 997 3159 quam
1011 3106 1076 3149 oon.

126 3183 261 3232 mames
286 3170 428 3246 popularet
448 3168 564 3230 maanus
584 3169 638 3228 iam
655 3170 692 3230 ab
711 3170 892 3231 adulescentia
910 3175 1075 3239 dommenta

125 3279 251 3320 m
848 3277 852 3286 .

1207 1226 1212 1351 l

1205 2716 1210 2785 Ι

1216 391 1225 445 ι,

1646 233 1703 287 Pro
1724 247 1752 287 ις
1772 239 1862 287 arrato
1880 247 1987 288 Muone.
2268 255 2286 302 9

1341 342 1523 446 ἕπῃ
1539 342 1616 400 aliter
1632 358 1665 398 ac
1682 357 1733 397 nos
1750 340 1878 397 vellemus
1893 356 1911 394 a
1924 286 2022 395 senatu¹
2034 333 2179 393 iudicatum
2194 345 2243 405 est,
2255 346 2284 394 et

1340 422 1432 490 «aui
1539 433 1608 488 lator
1627 429 1685 501 ipse
1712 427 1786 500 legis,
1811 443 1894 499 quum
1918 435 1988 482 esset
2010 421 2190 481 controversia
2211 423 2285 479 nuda

1342 521 1412 592 iacti,
1431 520 1493 579 iuria
1510 531 1601 578 tamen
1619 516 1841 590 d‘nceptationem
1859 532 1918 571 esse
1935 512 2025 581 voluit,
2040 523 2067 569 et
2086 510 2166 570 electi
2183 510 2285 570 iudices

1341 608 1418 684 isque
1437 607 1602 683 praepositus
1619 604 1770 680 quaestioni
1789 602 1836 677 qui
1854 603 1923 659 haec
1942 601 2010 659 iuste
2028 601 2213 674 sapienterque
2232 599 2285 658 dis·

1243 724 1245 728 ·
1341 708 1439 773 ceptet,
1469 697 1601 769 reliquum
1630 705 1679 765 est,
1703 693 1812 761 iudices,
1836 701 1868 748 ut
1896 688 1962 746 nltil
1985 688 2038 745 mm
2062 688 2136 745 aliud
2159 705 2286 761 quaerere
2356 756 2361 765 ⁸

1342 786 1470 856 debeatis,
1491 784 1544 844 nisi
1563 795 1623 842 uter
1645 783 1697 841 utri
1721 780 1829 840 insidias
1853 777 1950 838 iecerit.
2001 779 2083 849 Quod
2105 795 2161 851 quo
2184 775 2286 835 saulieu

1341 875 1503 950 argumentis
1521 872 1669 949 perspicere
1685 871 1799 946 possitis,
1812 888 1868 927 rem
1887 878 1989 942 gmtam
2003 865 2080 924 vobis
2096 866 2160 924 dum
2172 865 2287 926 breviter

1341 983 1458 1040 expono,
1470 981 1579 1038 quaeso,
1592 962 1732 1036 diligenter
1742 959 1878 1018 attendite.
2325 953 2328 958 ’

1355 1073 1517 1119 amentor
1576 1056 1606 1112 P.
1637 1051 1749 1113 Clodius
1772 1069 1856 1125 quum
1879 1046 2013 1106 statuisset
2036 1043 2110 1103 omni
2133 1045 2233 1104 scelere
2256 1042 2331 1124 inu

1396 1139 1471 1180 M*
1540 1154 1664 1218 praetura
1691 1159 1786 1199 vexare
1815 1157 1871 1197 rem
1902 1136 2045 1211 publicam,
2069 1133 2223 1209 uideretque
2249 1133 2286 1193 ita

1362 1209 1524 1302 ssoffim
1541 1242 1625 1288 tracta
1641 1248 1700 1288 esse
1717 1225 1826 1286 comitia
1838 1243 1912 1282 anno
1927 1223 2061 1296 superiore
2077 1232 2177 1279 utnon
2188 1223 2287 1279 multos

1341 1311 1524 1412 &fem
1540 1336 1646 1377 menses
1665 1325 1814 1391 praeturam
1829 1330 1920 1387 gerere
1932 1322 2031 1385 posset,
2046 1309 2092 1383 qui
2108 1326 2164 1367 non
2178 1307 2287 1367 bonoria

1341 1421 1413 1470 uuor
1434 1429 1525 1467 mama·
1542 1407 1653 1481 gradum
1674 1414 1814 1479 spectaret,
1833 1414 1864 1460 ut
1884 1400 1973 1472 ceteri,
1995 1401 2043 1458 sed
2062 1411 2091 1458 et
2110 1401 2141 1458 1,
2165 1401 2287 1458 Paullum

1341 1470 1526 1577 wama-yn}
1542 1497 1673 1567 collegam
1693 1495 1808 1566 effugere
1828 1486 1916 1560 vellet,
1936 1488 2060 1563 singulari
2079 1487 2174 1546 virtute
2192 1487 2287 1558 duem,

1341 1579 1459 1670 {nm
1471 1579 1524 1668 ’ἧς
1542 1595 1570 1643 et
1588 1602 1688 1641 annum
1708 1581 1839 1655 integrum
1863 1583 1899 1638 ad
1920 1579 2117 1636 dilacerandam
2141 1596 2198 1634 rem
2221 1579 2288 1650 pub·

1342 1680 1523 1722 mmuh·
1540 1675 1620 1733 licam
1645 1681 1782 1747 quaereret
1793 1691 1802 1742 3
1838 1667 1927 1726 subito
1952 1667 2057 1740 reliquit
2081 1684 2183 1723 annum
2208 1684 2285 1724 suum

1341 1733 1524 1835 ffiffl‘
1542 1781 1654 1838 seseque
1675 1761 1703 1818 in
1723 1777 1823 1819 annum
1843 1756 1992 1832 proximum
2010 1755 2148 1825 transtulit,
2168 1773 2233 1824 non,
2257 1765 2288 1812 ut

1341 1861 1379 1931 lit,
1398 1857 1526 1932 religione
1546 1854 1643 1927 aliqua,
1667 1851 1717 1910 sed
1740 1861 1770 1907 ut
1790 1849 1906 1917 baberet,
1932 1844 2006 1919 quod
2030 1845 2087 1917 ipse
2111 1844 2227 1912 dicebat,
2250 1847 2287 1904 ad

1342 1958 1492 2024 praeturam
1513 1943 1665 2019 gerendam
1687 1941 1740 1996 boc
1760 1950 1808 2007 est,
1828 1937 1864 1994 ad
1885 1935 2056 1992 euertendam
2074 1932 2285 2006 rempublicam

1320 2038 1673 2124 le.!tss¹¹²
1693 2028 1831 2099 integrum
1879 2024 2043 2122 Occurrebat
2062 2022 2088 2079 ei
2111 2039 2233 2078 mmmm
2252 2037 2285 2077 ac
2298 2045 2331 2105 ,ς

1246 2125 1254 2143 ’
1342 2124 1459 2186 debilem
1477 2131 1626 2194 praeturam
1640 2119 1754 2173 suturam
1765 2131 1849 2181 suam,
1861 2113 1971 2169 consule
1987 2112 2109 2179 Milone;
2127 2126 2189 2166 eum
2204 2125 2285 2182 porro

1342 2229 1448 2271 summo
1479 2224 1612 2266 consensu
1643 2202 1737 2278 populi
1770 2200 1888 2259 Romani
1917 2199 2056 2256 consulem
2085 2196 2141 2254 sieri
2169 2196 2285 2256 videbat.

1366 2326 1525 2377 ‚mm
1543 2293 1666 2357 Contulit
1685 2311 1714 2352 se
1733 2291 1769 2349 ad
1789 2288 1846 2348 eius
1867 2286 2062 2360 competitores,
2082 2287 2131 2342 sed
2149 2283 2188 2342 ita
2202 2296 2287 2343 totam

1342 2379 1526 2475 &4⁶ss
1541 2395 1573 2443 ut
1591 2382 1748 2458 petitionem
1764 2378 1821 2452 ipse
1838 2377 1910 2434 solus
1929 2374 2010 2474 etiam
2025 2370 2114 2472 invitis
2129 2372 2180 2430 illis
2194 2374 2289 2447 guber.

1342 2485 1525 2532 mamaeam
1543 2484 1636 2544 naret;
1662 2481 1720 2528 tota
1750 2478 1781 2525 ut
1805 2463 1914 2522 cdmitia
1934 2480 1997 2532 sura,
2017 2473 2048 2518 ut
2067 2461 2215 2530 decumbat,
2240 2461 2287 2517 hu.

1342 2537 1526 2633 mmmm
1542 2560 1621 2620 meris
1636 2558 1783 2618 sustineret.
1822 2554 1998 2614 convocabat
2016 2550 2106 2617 tribus,
2125 2567 2155 2607 se
2174 2548 2289 2623 intem
2317 2543 2322 2553 '
2348 2577 2353 2591 .

1343 2644 1507 2688 '‘mm''
1541 2652 1631 2719 nebat,
1650 2645 1784 2706 Collinam
1807 2659 1907 2701 noram
1930 2640 2030 2698 dilecm
2048 2637 2286 2713 perditissimomm

1342 2745 1442 2804 civium
1463 2740 1658 2800 comeribebat
1704 2737 1815 2807 Quanto
1834 2731 1879 2789 ille
1899 2732 1976 2804 plura
1993 2728 2224 2830 ωἱεαῑῖιῃμω
2242 2727 2288 2784 hio

1342 2882 1525 2986 usum
1542 2827 1679 2978 lim?
1697 2821 1995 2987 {diffidi
2009 2818 2181 2965 ,lul
2193 2818 2288 2977 lu?

1342 2990 1529 3092 &wir
1542 3006 1751 3066 ammomum
1762 3021 1849 3072 suum,
1860 2987 2035 3058 oerisimuu
2046 2998 2193 3067 comum
2205 2995 2288 3069 inque

1342 3092 1525 3188 fflssffiffi
1542 3095 1673 3153 intellexit
1692 3110 1749 3152 nou
1768 3093 1855 3149 solum
1875 3085 2043 3149 ammonibus
2062 3085 2112 3143 ted
2135 3083 2217 3142 etim
2236 3084 2289 3142 Μ’·

1343 3198 1526 3250 munos
1542 3183 1630 3258 fragiis
1655 3181 1749 3258 populi
1779 3174 1898 3238 Romani
1921 3192 2003 3247 saepe
2026 3191 2085 3232 esse
2114 3173 2285 3245 dachmmm

1223 3254 1303 3338 .,,.”’
1341 3254 1504 3303 mm.
1542 3273 1632 3346 palam
1647 3288 1726 3344 agere
1737 3267 1829 3342 coepit
1846 3276 1875 3323 et
1890 3274 1981 3337 aperte
2000 3261 2090 3319 dicere
2107 3260 2286 3320 occidendum

1229 3381 1234 3396 ·
1260 3372 1267 3401 ⁷
1342 3363 1483 3423 Milonem.
1520 3362 1616 3420 Servos
1630 3369 1748 3433 avares
1765 3367 1794 3415 et
1810 3356 1945 3422 barbaros,
1958 3350 2055 3424 quibus
2072 3349 2151 3410 salvas
2163 3349 2285 3426 publius
2298 3353 2332 3409 ai

1342 3453 1520 3527 depopulatus
1539 3459 1595 3507 ⁶¹¹²
1613 3438 2287 3525 romamquevmneeasppesuaoueuuxe·
2312 3499 2349 3530 a

1342 3536 1631 3619 satquosridebatia
1664 3519 2323 3595 mmmmmxfflffi

93 3367 114 3434 9
149 3384 311 3438 mn„
363 3300 1186 3435 Qmmobremiudicmutaliquandoadcsussmffi*

119 3440 309 3543 ²⁴:7ae
325 3435 480 3540 mirumque
502 3435 647 3538 genuinus,
668 3435 692 3494 ai
715 3455 804 3512 neque
827 3437 915 3540 omnia
938 3442 1072 3503 wniessio

110 3543 310 3624 qus-matus·
325 3524 441 3606 isdum
452 3523 584 3596 inuutata,
594 3526 969 3602 nequedecausaqutdquam
981 3541 1074 3591 noema
1102 3587 1108 3604 ⁸

2168 3693 2296 3763 ,st
