4598 4064
154 129 174 182 32
472 114 514 167 M.
539 114 566 166 Z
593 111 719 165 cimmo

153 220 308 319 2¹:³2·ae
326 220 389 275 lone
401 219 491 275 occiso
504 218 638 275 habuisset
655 238 717 274 suos
734 221 872 277 consules:
894 219 991 276 deinde
1010 218 1069 291 quis

153 324 187 364 r·-
323 307 1071 382 ineopmetomoonmlsoaisesoetpmquemui·
1189 274 1226 340 '¹¹

89 386 91 395 '
153 388 230 450 buum
245 394 370 453 rirntteau
387 397 554 454 consularem
567 395 749 452 crudelissime
763 406 886 453 versum
901 414 961 453 esse
977 394 1071 453 menri·

89 510 91 519 ·
153 477 230 538 ubet?
262 481 447 555 Opprersisset
470 483 570 554 omnia,
594 483 743 556 possideret
766 492 869 541 teneret
876 501 885 553 ς
907 484 967 555 lege
989 499 1069 552 nova,

89 560 93 635 ζ
152 580 201 636 quse
215 581 254 627 est
272 568 381 627 inrema
400 572 472 643 apud
494 590 556 628 eum
577 590 638 628 cum
663 571 770 644 reliquis
794 571 896 644 legibus
921 569 1068 639 Clodianis,

89 642 94 671 ''
152 669 218 715 ltrtos
234 670 341 715 nusum
360 658 471 716 libertos
490 676 553 728 suos
572 658 693 718 fecium:
717 671 861 733 postremo,
880 658 932 716 nisi
953 677 1015 717 eum
1039 660 1069 718 di

89 728 92 749 ¹
151 738 289 804 mortales
307 746 337 803 in
357 763 418 804 eam
433 758 551 805 mentem
569 746 736 821 impulissent
752 759 783 805 ut
800 749 884 806 homo
901 749 1068 808 effeminatus

89 840 91 923 l
150 827 296 891 luu'mimum
319 832 405 892 tirum
428 846 569 893 conaretur
592 836 723 906 occidere,
747 836 829 894 bodie
852 856 909 895 rem
932 839 1068 912 publicam

1642 104 1695 156 Ρη)
1719 105 1746 156 Τ
1766 106 1854 157 Arellio
1872 105 1975 158 illilouc.
2260 130 2293 178 ὃς

1352 238 1487 283 ulammaus
1513 238 1531 276 ῃ
1551 214 1622 269 diam
1636 216 1755 269 tribuatis
1768 216 1909 270 fortissimo
1930 217 1984 270 uiro
2004 236 2083 286 quani
2102 218 2157 287 ipsc
2177 237 2230 271 nou
2251 220 2297 271 iui-

1349 292 1533 391 ζ’,ζῗζῇᾞζ
1550 305 1643 375 plorat,
1664 322 1714 374 ego
1734 304 1813 358 etiarn
1833 320 1996 374 repugnante
2015 307 2067 360 lioc
2089 319 2115 360 et
2137 307 2249 376 imploro
2268 321 2296 364 et

1348 395 1533 484 '‘wioni‘'
1549 394 1689 462 exposco?
1733 391 1832 458 Nolite,
1855 391 1879 447 si
1905 393 1934 447 in
1962 405 2054 450 nostro
2083 395 2201 450 omnium
2230 396 2295 454 fletu

1349 457 1532 536 &anull
1549 480 1650 534 nullam
1678 479 1812 534 lacrimam
1832 482 1991 552 adspexistis
2014 483 2131 551 Milonis,
2151 483 2173 539 si
2191 486 2294 542 vultum

1348 550 1391 589 '⁸¹‘
1550 585 1655 639 semper
1673 569 1797 634 cundem,
1810 567 1833 623 si
1851 587 1946 624 vocem
1965 570 1988 625 si
2005 570 2154 627 orationem
2170 573 2294 630 stabilem

1347 675 1381 715 ac
1392 675 1449 715 noo
1460 668 1589 714 mutatam
1601 656 1704 723 videtis,
1718 658 1770 711 hoc
1782 656 1869 711 minus
1886 656 1911 712 ei
1931 676 2046 728 parcere.
2086 660 2169 715 Haud
2184 660 2241 716 scio
2256 678 2293 717 an

1294 745 1297 751 ’
1347 749 1433 806 multo
1453 746 1534 804 etiam
1555 746 1590 801 sit
1610 745 1777 800 adiuvandus
1796 744 1895 816 magis:
1918 745 2016 802 etenim
2038 746 2061 802 si
2082 746 2109 802 in
2128 748 2291 820 gladiatoriis

1236 864 1238 869 ·
1345 837 1443 911 pugnis
1454 848 1482 894 et
1493 836 1522 893 in
1536 835 1620 891 infimi
1635 836 1739 907 generis
1757 837 1894 891 hominum
1912 837 2069 893 conditione
2087 850 2169 909 atque
2186 841 2293 897 fortuna

89 984 91 991 .
324 925 425 981 nullam
436 924 575 983 haberetis
612 927 658 982 An
674 925 719 982 ille
735 936 848 999 praetor,
860 926 905 983 ille
922 945 987 985 vero
1005 945 1117 1008 con-po

89 1052 91 1069 .
149 983 216 1081 affl.
224 989 308 1083 ..m
325 1013 410 1084 vulsi
425 1014 509 1072 modo
520 1015 588 1072 haec
600 1015 700 1087 templa
717 1025 798 1087 atque
810 1014 869 1088 ipsa
880 1016 988 1073 moenia
999 1028 1070 1074 stare
1185 1050 1188 1063 ι
1220 994 1227 1059 ἰ

149 1093 312 1195 affl
326 1118 360 1159 co
378 1098 440 1158 vivo
461 1111 516 1158 mm
539 1101 586 1158 diu
606 1113 634 1158 et
652 1103 819 1158 consulatum
837 1100 894 1159 eius
915 1114 1070 1176 exspectare

149 1190 308 1261 Nutibus·
325 1188 482 1263 potuissent,
500 1189 546 1246 ille
564 1190 680 1263 denique
699 1189 774 1247 virus
791 1189 854 1247 mali
870 1189 936 1247 nihil
955 1190 1069 1261 lecisset,

147 1240 310 1352 ζῗήᾱήῗ
327 1277 374 1352 qui
387 1289 507 1336 monuus
517 1295 573 1335 uno
587 1296 621 1336 ex
637 1277 691 1335 suis
708 1278 864 1336 satellitibus
881 1280 952 1336 duce
969 1279 1070 1337 cunam

147 1350 309 1457 3³⁸3
325 1366 493 1425 incenderit?
512 1385 566 1439 quo
582 1366 647 1440 quid
662 1367 782 1425 miserius
794 1368 859 1440 quid
871 1367 991 1426 acerbius
1004 1367 1070 1441 quid

323 1455 469 1514 luctuosius
481 1454 617 1514 vidimus?
652 1456 796 1527 Templum
813 1455 960 1513 sanctitatis
977 1457 1071 1532 ampli-

147 1542 225 1602 adm
247 1544 347 1603 mentis
369 1542 473 1602 consilii
497 1542 605 1616 publici,
627 1554 709 1617 caput
731 1542 811 1611 urbis,
833 1562 906 1600 aram
925 1544 1069 1618 socionrm,

146 1640 230 1696 lunam
254 1631 376 1690 omnium
398 1631 525 1705 gentiunt,
550 1632 643 1689 oedem
670 1634 706 1689 ab
733 1633 857 1689 universo
880 1634 982 1706 populo
1005 1652 1070 1693 con·

146 1729 227 1779 Qus
249 1721 299 1779 uni
321 1720 417 1790 ordini,
439 1720 595 1777 inflammari
618 1720 737 1778 exscindi
761 1720 902 1778 funestari!
926 1739 1016 1795 neque
1039 1723 1069 1783 ld

145 1801 185 1864 leri
193 1826 210 1865 a
219 1807 390 1868 multitudine
401 1808 530 1882 imperita,
540 1826 702 1882 quamquam
711 1820 782 1866 esset
794 1808 919 1867 miserum
930 1808 959 1866 id
970 1810 1068 1884 ipsum,

145 1895 306 1955 ttdcbunol
320 1897 367 1970 qui
378 1915 462 1970 quum
473 1909 577 1954 tantum
588 1914 668 1952 ausus
684 1896 718 1953 sit
729 1906 803 1952 ustos
814 1913 864 1969 pro
875 1907 988 1965 mortuo,
1001 1899 1069 1971 quid
1114 1968 1116 1973 Ι

145 1977 233 2052 uuile
254 2002 306 2057 pro
328 1983 391 2042 rito
414 2001 470 2041 non
493 1995 565 2042 esset
588 1988 688 2041 ausus?
723 1986 757 2040 In
779 1984 879 2039 curiam
899 1984 1068 2056 potissimum
1147 2038 1150 2044 .

127 2067 486 2139 -fflccitutcsmmortuus
501 2072 656 2130 incenderet
672 2090 753 2145 quan
768 2072 993 2129 uruseverterat.
1031 2076 1113 2153 ram

144 2169 191 2215 mr
205 2160 251 2232 qui
265 2161 302 2217 de
317 2160 362 2216 ria
378 2160 468 2233 Appia
485 2170 635 2233 querantur,
648 2169 755 2217 taceant
775 2161 812 2217 de
830 2160 909 2229 curia,
923 2171 952 2217 et
969 2160 1015 2233 qui
1031 2164 1068 2219 ab

144 2259 167 2300 co
180 2247 294 2319 spirante
305 2247 391 2304 iorum
409 2258 504 2320 putent
521 2247 640 2320 potuisse
653 2247 763 2304 delendi
778 2247 854 2304 cuius
871 2266 927 2305 non
943 2249 1068 2308 restiterit

143 2334 349 2394 udavericuriss
384 2336 506 2392 &uitale
518 2335 632 2392 excitate
644 2334 739 2407 ipsum,
752 2333 1066 2407 sipotemisammuris.

142 2420 264 2496 frangetis
280 2420 411 2495 impeoam
428 2420 489 2492 rivi,
508 2422 585 2479 cuius
601 2421 646 2477 rix
664 2420 799 2478 sustinetis
818 2421 898 2479 furias
922 2422 1068 2496 insepulti?

140 2507 1068 2581 ruimmstinuistiseosquicumlacibusadcuriamooncrure·

138 2607 196 2666 runt,
206 2614 269 2655 cum
280 2595 393 2654 falcibus
403 2598 440 2653 ad
452 2597 577 2663 moris,
590 2614 652 2652 cum
664 2597 759 2669 gladiis
770 2607 830 2653 toto
842 2598 900 2653 sono
915 2597 1066 2658 volitarunt.

138 2680 213 2743 caedi
223 2683 327 2743 vidistis
337 2686 466 2759 populum
475 2686 637 2753 Romanum
647 2685 802 2742 contionem
813 2685 908 2757 gladiis
916 2685 1066 2756 omnen,

135 2789 210 2848 quum
236 2772 372 2834 amnena
395 2772 502 2833 sdentlo
526 2774 566 2831 M.
592 2772 700 2832 Caelius
723 2773 844 2832 tribuum
861 2773 959 2847 plebei,
976 2772 1019 2832 tir
1038 2787 1067 2835 et

132 2862 501 2940 namhoc-tamaium
519 2861 589 2922 etin
608 2875 732 2938 suscepta
749 2881 832 2921 eausa
849 2863 1067 2935 firmissimuset

130 2953 619 3031 nmmumrolonurieeaueeoritari
643 2964 751 3010 senatus
772 2951 886 3021 deditus,
908 2963 937 3009 et
960 2953 989 3010 in
1013 2954 1066 3012 hae

129 3040 423 3102 Mdmbsireinridis
437 3042 494 3101 sire
510 3039 1067 3115 tmmmguundivinaeeinoednul

1186 1066 1192 1121 ³
1227 1090 1238 1201 l

89 3224 282 3305 uma.
357 3204 1112 3313 S'ediammtimultadecsumertracsusam„
1172 3194 1198 3303 'l

147 3294 306 3407 ἔξω
322 3308 404 3372 edan
421 3309 501 3370 nmis
518 3312 629 3370 lorum
647 3312 737 3368 multa
774 3310 849 3382 Quid
869 3319 951 3368 reue
967 3309 1019 3368 nisi
1035 3321 1068 3371 at

120 3416 307 3469 ...Α-ιιι
323 3420 399 3462 orem
416 3403 588 3481 obtentoque
602 3419 659 3471 vos
672 3400 781 3471 iudices,
794 3411 825 3459 ut
842 3418 904 3459 mm
921 3401 1067 3461 municas»

114 3624 193 3641 ,,,...’..
210 3619 341 3639 ...·.........
352 3624 497 3635 ·---——-
511 3630 620 3644 .......,,,

599 3774 774 3806 ξ-

439 3711 1164 3755 Μ.

1183 3346 1213 3673 l

1345 928 1455 986 tinddos
1472 937 1553 999 atque
1574 926 1707 998 supplices
1725 935 1752 982 et
1771 937 1800 982 ut
1817 926 1906 982 vivere
1924 927 2002 983 liceat
2021 931 2191 984 obsecrantes
2210 929 2291 986 etiam

1344 1017 1435 1076 odisse
1447 1017 1571 1082 solemus,
1584 1015 1665 1071 sortes
1681 1025 1763 1086 atque
1778 1014 1914 1071 animosos
1929 1026 1997 1072 etse
2013 1017 2110 1073 acriter
2128 1018 2201 1089 ipsos
2212 1018 2292 1075 morti

1343 1108 1488 1164 offerentes
1508 1122 1612 1176 seryare
1629 1103 1758 1175 cupimus,
1777 1121 1923 1176 eorumque
1943 1123 1993 1160 nos
2010 1106 2095 1177 magis
2115 1107 2222 1164 miseret
2244 1107 2291 1179 qui

1309 1221 1312 1225 ’
1343 1205 1464 1253 nostram
1483 1192 1692 1249 misericordiam
1713 1210 1769 1247 non
1788 1193 1924 1263 requirunt
1942 1210 2022 1263 quam
2040 1194 2087 1265 qui
2104 1194 2177 1252 illam
2194 1200 2292 1272 sillogi-

1496 1341 1501 1351 ‚
1543 1292 1608 1347 tant,
1619 1282 1783 1354 quantohoc
1794 1281 1878 1353 magis
1891 1283 1918 1337 in
1931 1283 2078 1340 fortissimis
2089 1285 2192 1342 civibus
2203 1291 2290 1347 lacere

1342 1340 1526 1437 ‚lamii
1544 1370 1690 1426 dcbemusl
1736 1371 1784 1425 Me
1807 1370 1925 1440 quidem,
1951 1370 2060 1438 iudices,
2086 1373 2239 1432 exanimant
2262 1389 2290 1434 et

1342 1449 1527 1547 ffiffffiffifff,
1545 1457 1698 1512 interimunt
1710 1457 1761 1512 hae
1774 1474 1855 1513 voces
1870 1458 1981 1512 Milonis
1999 1475 2067 1528 quas
2084 1460 2166 1516 audio
2182 1463 2289 1520 assidue

1342 1563 1418 1594 mr·
1430 1554 1485 1592 tur·
1497 1553 1527 1590 ¹³¹²·
1544 1555 1572 1600 et
1590 1546 1687 1616 quibus
1708 1544 1834 1601 intersum
1859 1545 1986 1616 quotidie.
2026 1548 2172 1615 ‘Valeant'
2193 1550 2288 1623 inquit,

1341 1605 1524 1699 fflffl’ffii
1543 1633 1663 1688 ‘valeant
1678 1632 1750 1687 cives
1766 1633 1836 1700 mei;
1850 1632 1903 1688 sint
1918 1633 2072 1699 incolumes,
2085 1635 2138 1691 sint
2154 1638 2287 1708 florentes,

1341 1712 1525 1760 “¹⁸¹“W
1543 1718 1596 1774 sint
1627 1719 1714 1787 beati,
1744 1732 1796 1776 stet
1824 1721 1891 1776 haec
1919 1723 1981 1775 urbs
2012 1724 2146 1792 praeclara
2169 1727 2288 1798 mihique

1340 1774 1389 1806 m
1537 1807 1622 1879 patria
1633 1809 1775 1875 carissima,
1788 1827 1899 1880 quoquo
1915 1810 1998 1865 modo
2015 1810 2064 1866 erit
2081 1813 2175 1869 merita
2186 1816 2222 1871 de
2233 1834 2287 1873 me.

1339 1895 1495 1968 Tranquillo
1514 1916 1543 1953 re
1561 1899 1668 1969 publica
1686 1899 1738 1954 mei
1757 1899 1836 1964 cives,
1854 1900 1980 1969 quoniam
1997 1899 2061 1954 milri
2078 1919 2141 1956 cum
2159 1904 2210 1960 illis
2230 1923 2287 1963 non

1266 2034 1272 2048 ,
1338 1981 1410 2050 licet,
1426 1983 1484 2039 sine
1505 2002 1549 2039 me
1570 1985 1621 2055 ipsi
1639 1987 1688 2041 sed
1711 1998 1818 2056 propter
1839 2006 1882 2041 me
1905 1999 1995 2041 tamen
2015 1991 2188 2057 perimantur.
2227 1996 2286 2066 Ego

1338 2071 1434 2125 cedam
1445 2082 1527 2142 atque
1539 2072 1628 2127 abibo.
1666 2073 1693 2128 Si
1709 2072 1773 2127 milri
1789 2075 1861 2128 bona
1875 2091 1904 2143 re
1919 2075 2026 2144 publica
2040 2077 2089 2130 srui
2104 2095 2160 2134 non
2174 2080 2284 2151 licuerit,

1336 2169 1366 2214 at
1384 2159 1482 2214 carebo
1503 2160 1582 2225 mala,
1603 2170 1631 2214 et
1650 2176 1730 2229 quam
1752 2160 1865 2230 primum
1888 2161 1998 2231 tetigero
2020 2162 2090 2217 bene
2110 2177 2239 2221 moratam
2258 2180 2286 2223 et

1538 2246 1647 2301 liberam
1665 2246 1807 2312 civitatem,
1821 2247 1849 2301 in
1866 2265 1899 2302 cs
1915 2247 2111 2317 conquiescam.
2149 2253 2176 2307 0
2192 2253 2286 2308 lmstra

1336 2299 1430 2413 m
1441 2313 1520 2414 “¹3:³¹2
1537 2331 1646 2404 (inquit)
1660 2333 1724 2387 milri
1743 2334 1859 2406 suscepti
1876 2337 1998 2389 labores!
2019 2352 2037 2389 o
2055 2352 2117 2405 spes
2135 2338 2242 2395 fallaces
2258 2353 2286 2396 et

1336 2403 1521 2504 Qffiffl
1539 2417 1716 2488 cogitationes
1734 2419 1828 2475 inanes
1846 2425 1939 2475 meae!
1976 2420 2042 2490 Ego,
2063 2437 2146 2491 quum
2165 2425 2286 2484 tribunus

1336 2508 1441 2598 eff·
1451 2508 1519 2599 ung
1536 2505 1625 2576 plebei
1642 2507 1794 2576 republica
1811 2524 1940 2577 oppressa
1958 2523 2003 2562 me
2018 2509 2122 2564 senatui
2140 2512 2283 2580 dedissem,

1420 2569 1494 2608 ’ψ
1534 2609 1616 2664 quem
1632 2594 1791 2648 exstinctum
1808 2612 1982 2665 acceperam
1999 2595 2132 2664 equitibus
2145 2601 2284 2669 Romanis,

1335 2694 1450 2751 quorum
1468 2676 1537 2734 vires
1556 2691 1632 2736 mant
1649 2681 1768 2751 debiles;
1791 2683 1870 2737 bonis
1889 2683 1958 2748 viris,
1978 2682 2025 2752 qui
2043 2700 2152 2741 omnem
2171 2690 2286 2744 auctori·

1335 2778 1419 2826 tatem
1445 2766 1584 2826 Clodianis
1608 2770 1688 2825 armis
1711 2769 1882 2839 abieeemnt;
1909 2770 1975 2827 mihi
2001 2788 2127 2843 umquam
2151 2774 2283 2832 bonomm

1302 2855 1305 2864 “
1333 2855 1495 2931 praesidium
1507 2857 1657 2914 defuturum
1675 2862 1818 2930 putarem?
1855 2861 1913 2934 Ego
1932 2880 2015 2936 quum
2030 2875 2057 2919 te
2076 2864 2193 2937 (nimum
2211 2864 2283 2923 enim

1333 2948 1487 3021 saepissime
1500 2949 1625 3021 loquitur)
1636 2949 1737 3021 patriae
1749 2950 1933 3022 reddidissem,
1947 2952 2013 3008 mihi
2025 2965 2146 3025 putarem
2159 2953 2186 3009 in
2199 2954 2284 3026 patria

1332 3054 1390 3094 non
1418 3038 1535 3094 lunanum
1559 3039 1668 3095 locum?
1717 3040 1773 3097 Ubi
1797 3058 1870 3097 nunc
1894 3055 2002 3098 senatus
2026 3053 2068 3098 est
2092 3059 2173 3114 quem
2196 3043 2281 3100 scorti

1332 3132 1447 3186 mmusl
1469 3128 1516 3184 ubi
1540 3128 1644 3200 equites
1663 3129 1779 3185 Romani
1799 3129 1844 3197 illi,
1863 3129 1909 3197 illi,
1928 3130 2022 3201 inquit,
2043 3131 2102 3187 tui?
2125 3131 2172 3187 ubi
2194 3133 2283 3188 studia

1333 3215 1556 3287 municipiorum?
1579 3217 1627 3272 ubi
1652 3217 1747 3274 Italiae
1770 3221 1874 3275 voces?
1896 3219 1944 3275 ubi
1962 3218 2079 3292 denique
2100 3230 2147 3276 tua
2165 3219 2218 3289 illa,
2241 3223 2280 3277 M.

1332 3302 1414 3372 Tulli,
1432 3319 1502 3375 quae
1519 3303 1638 3376 plurimis
1659 3304 1708 3361 luit
1727 3305 1828 3363 auxilio
1846 3325 1900 3364 vox
1919 3318 1948 3364 et
1967 3307 2111 3366 defensio?
2128 3307 2235 3389 mihine.
2250 3326 2295 3381 ἢ

1332 3390 1392 3464 ⁸⁰¹5·
1404 3390 1452 3468 qui
1463 3408 1513 3467 ΨΟ
1524 3402 1553 3450 te
1566 3392 1670 3450 eodem
1679 3394 1768 3450 muru
1777 3412 1832 3449 me
1846 3392 2038 3451 commui&
2045 3393 2154 3445 ww*
2161 3393 2239 3431 ”W
2260 3392 2263 3396 ’

1804 3774 1955 3806 ⁴-
