4748 3954
1046 196 1062 203 ..
1082 193 1164 200 -—-.-..

123 251 162 304 ss
279 265 308 343 q
472 255 515 313 M.
538 258 568 313 Ζ
591 258 717 315 canons

120 357 520 422 mrumroerisurossuisse
559 365 1068 445 Inspemmaximametquemad
1178 404 1205 453 p

119 443 234 501 modum
245 447 361 519 confido,
371 449 533 509 veriuimam
546 470 637 512 sumus
648 456 766 526 adducti,
777 458 849 516 hunc
857 458 945 532 ipsum
956 479 1065 534 sunum,

119 529 176 586 boc
195 528 254 604 ipso
277 551 383 594 cimmo
406 537 464 596 siro
482 543 600 611 consule,
619 561 773 616 compressa
790 548 928 607 bominum
950 552 1064 624 licentia,

118 617 312 692 cupiditatibus
330 625 426 696 fractis,
446 627 548 700 legibus
569 641 597 687 ct
621 632 725 690 iudiciis
746 635 904 706 constitutis,
924 641 1065 698 salutarem

119 703 222 763 civitati
241 709 305 767 iore.
343 715 497 788 Numquis
516 717 654 789 igiturest
675 732 731 777 tarn
752 723 865 781 demens
886 727 935 797 ‘qui
955 730 1008 785 hoc
1032 732 1063 787 Ρ.

119 793 221 853 Clodio
239 798 302 856 vivo
324 800 481 874 contingere
503 807 622 877 potuisse
640 809 800 867 arbitretur?
835 813 929 883 Quid?
948 833 1066 890 eaquae

118 882 218 982 tenetis
235 885 337 958 privata
359 901 440 964 utque
457 905 552 962 vestra,
571 897 728 955 dominante
746 898 856 958 homine
873 901 972 960 furioso
990 908 1066 977 quod

54 979 164 1071 29trss
185 986 329 1048 perpetrue
353 980 529 1051 possessionis
552 986 651 1044 habere
670 987 840 1060 potuissent?
884 992 949 1048 Non
973 992 1063 1064 timeo,

118 1059 230 1132 iudices,
248 1081 284 1121 ne
301 1066 366 1124 odio
387 1067 582 1128 inimicitiarum
598 1091 716 1131 mearum
733 1075 919 1149 inflammatus,
939 1079 1065 1140 libentius

117 1153 188 1209 baec
204 1151 233 1210 iu
250 1153 324 1212 illum
342 1174 466 1215 evomere
483 1157 575 1216 videar
592 1179 673 1233 quam
687 1161 791 1220 verius:
811 1165 911 1223 etenim
927 1167 949 1224 si
965 1171 1065 1240 praeci-
1084 1153 1087 1157 ⁴

117 1256 203 1310 psum
223 1259 283 1299 cssc
306 1242 431 1313 debebat,
451 1255 542 1303 tamen
565 1247 604 1303 its
627 1251 775 1308 communis
795 1264 852 1310 erat
875 1255 995 1311 omnium
1019 1256 1064 1316 ille

117 1327 213 1397 hostis,
226 1339 257 1386 ut
271 1328 299 1386 in
313 1331 449 1389 communi
465 1333 530 1391 odio
549 1353 635 1407 paene
649 1340 796 1410 aequaliter
810 1353 957 1399 versaretur
970 1344 1063 1401 odium
1142 1353 1144 1356 '

116 1433 217 1472 meum
254 1419 319 1474 Nou
337 1430 428 1492 potest
446 1420 500 1478 dici
519 1422 590 1492 satis,
611 1442 647 1481 ne
663 1426 776 1498 cogitari
795 1427 912 1500 quidem,
933 1442 1063 1503 quantum
1141 1474 1145 1484 .
1207 1496 1209 1503 ¹

116 1501 147 1558 in
162 1500 209 1560 ilio
222 1503 337 1572 sceleris,
349 1517 479 1576 quantum
495 1508 568 1565 exitii
582 1511 668 1568 luerit.
706 1514 779 1584 Quin
795 1514 834 1571 sic
845 1517 982 1587 attendite,
995 1518 1062 1576 iudi·
1176 1550 1179 1575 2
1207 1524 1209 1531 '

314 1609 368 1649 ces
406 1595 512 1666 Nempe
535 1597 603 1652 haec
624 1610 666 1655 est
689 1602 811 1672 quaestio
840 1605 875 1661 de
898 1592 1005 1664 interitu
1030 1611 1059 1665 P.
1074 1627 1110 1683 pq
1177 1594 1180 1626 ³

114 1645 299 1762 ..12⁷ssss
316 1677 413 1735 Clodii.
452 1681 557 1753 Fingite
568 1683 664 1741 animis
675 1687 784 1756 (liberae
799 1701 861 1746 sunt
872 1691 943 1748 enim
955 1704 1062 1753 nostrae

114 1750 234 1841 Q„
253 1762 299 1842 g
316 1764 492 1836 cogitationes
511 1779 539 1825 et
562 1787 632 1842 quae
652 1774 745 1829 volunt
766 1775 805 1832 sic
826 1776 960 1835 intuentur
978 1793 1009 1838 ut
1029 1800 1063 1840 ea

112 1853 162 1945 a
178 1854 263 1894 ml
278 1862 299 1895 ¹·
316 1853 449 1910 cernimus
464 1873 533 1928 quae
548 1856 680 1932 videmus)
699 1861 791 1933 inmte
805 1862 884 1936 igitur
899 1867 1062 1938 cogitatione

315 1940 457 2016 imaginem
476 1943 554 2002 huius
567 1947 729 2006 conditionis
747 1951 868 2020 mesasi
887 1955 989 2026 possim
1007 1959 1062 2014 effi·

111 2040 176 2082 cere
189 2033 220 2083 ut
240 2028 372 2087 Milonem
390 2032 542 2101 absolvatis,
561 2035 611 2092 sed
626 2036 672 2105 ita,
690 2038 713 2094 si
729 2040 757 2095 Ρ.
774 2041 887 2100 Clodius
902 2043 1061 2102 revixmit-

102 2113 181 2202 Ψῆ
196 2115 270 2171 ’ὼ
286 2116 463 2176 “ammi
480 2139 599 2192 quonam
614 2127 698 2183 modo
712 2126 758 2185 ille
771 2146 820 2185 vos
834 2129 909 2188 vivus
925 2133 1059 2204 adficeret,
1120 2137 1122 2140 ’
1176 2153 1179 2191 3

110 2216 184 2272 quos
200 2211 320 2261 mortuus
337 2203 410 2262 inani
423 2207 585 2280 cogitatione
600 2213 748 2283 percussit?
785 2215 878 2287 Quid?
896 2218 919 2275 si
934 2218 992 2293 ipsc
1006 2223 1061 2280 Cn.

111 2289 341 2366 Pompeius—qui
352 2311 386 2351 ea
396 2295 492 2354 virtute
503 2315 538 2354 ac
554 2299 661 2358 fortuna
672 2313 714 2360 est
725 2313 755 2362 ut
769 2322 803 2362 cs
819 2307 936 2378 potuerit
953 2325 1060 2383 semper

108 2396 184 2450 quas
201 2400 284 2440 ccmo
298 2395 403 2456 praeter
423 2384 556 2445 illum-si
574 2389 599 2447 is
619 2390 730 2464 inquam
745 2395 877 2466 potuisset
894 2406 941 2454 aut
965 2413 1059 2471 quaes·

108 2467 214 2528 tioueru
225 2471 261 2529 de
272 2484 359 2530 morte
371 2475 401 2532 P.
419 2476 510 2534 Clodii
525 2478 592 2535 serre
609 2490 656 2535 aut
670 2479 757 2552 ipsum
771 2484 808 2538 ab
824 2480 914 2542 inieris
930 2487 1055 2559 excitare,

108 2569 200 2617 utrum
216 2561 316 2634 putatis
333 2563 423 2634 positu
440 2565 570 2622 iacturum
583 2568 685 2626 imese?
722 2571 810 2628 Etiam
828 2571 851 2629 si
868 2585 977 2647 propter
993 2577 1059 2635 arni·

107 2645 202 2704 citiun
221 2650 302 2707 vellet
320 2649 395 2707 illum
413 2652 450 2709 ab
469 2653 559 2712 inieris
577 2673 698 2725 avocare,
713 2670 823 2731 propter
844 2679 901 2719 rem
922 2663 1057 2736 publicam

107 2751 168 2791 nou
184 2735 297 2795 iccissct.
335 2739 400 2798 Eius
418 2739 497 2814 igitur
513 2745 606 2802 mortis
627 2746 727 2804 sedetis
746 2750 854 2818 ultorcs,
876 2750 952 2810 cuius
974 2752 1057 2812 vitam

107 2821 248 2896 siputetis
263 2843 313 2898 per
327 2845 379 2886 ros
395 2830 497 2888 rectiori
515 2850 604 2904 posse,
620 2836 727 2907 nolitis;
746 2839 824 2897 etde
842 2840 900 2899 eius
917 2861 985 2902 nece
1004 2846 1059 2902 lara

107 2912 408 2991 quaestioestquisi
432 2921 528 2978 cadam
552 2923 789 2995 legeresiviscerc
812 2933 990 3000 posseulsta
1013 2935 1078 2991 lex*

108 3016 346 3077 numqusmcsset.
384 3009 717 3083 Huiruergointeriector
732 3013 1105 3090 siessecincontitendoua
1191 3019 1192 3044 ³

107 3137 243 3182 “m
257 3141 291 3182 ἡ·
308 3092 936 3174 abiunepoenarntimeretqucsliberarisset?
959 3107 1057 3167 Gracci

108 3193 291 3291 wita
308 3182 432 3243 bouum
454 3186 566 3244 dossum
590 3188 706 3246 bonorcs
730 3188 850 3249 tribuunt
872 3191 905 3250 iis
928 3191 991 3252 viris
1009 3196 1057 3270 qui

108 3296 291 3348 mm.
307 3282 434 3344 tyrannos
456 3286 625 3334 manunt.
673 3277 751 3349 Quae
777 3296 830 3352 ego
852 3280 909 3338 ridi
930 3284 1054 3357 Aduenis,

106 3347 293 3444 ss-wh:
309 3374 379 3431 quse
394 3357 454 3416 aliis
470 3358 500 3417 in
516 3361 626 3421 urbibus
643 3363 789 3422 Gracciael
806 3383 874 3439 quas
890 3385 933 3427 rcs
952 3369 1056 3431 divum

106 3447 1057 3530 sennulibusinsdmusviriaquoscsncssqusecsrminsl

104 3514 198 3560 Μ
306 3537 1058 3620 propemlimmortsiitaa’setreligicnemetmemo·

1643 256 1699 311 ῘὟθ
1719 287 1747 310 Δ·
1767 287 1857 309 msnw
1873 279 1980 308 artuum.
2092 303 2117 348 ν

1335 363 1402 422 dam
1425 373 1621 422 consecrantur.
1665 363 1723 419 Vos
1749 361 1816 418 tanti
1844 371 2057 418 conservatorem
2085 359 2185 433 populi,
2212 358 2279 415 tanti

1334 452 1442 512 sceleris
1464 454 1579 511 ultorem
1602 468 1659 508 non
1688 451 1771 508 modo
1795 450 1942 507 honoribus
1965 448 2045 505 nullis
2068 446 2203 517 adficietis,
2229 448 2278 504 sed

1335 543 1416 600 etiarn
1427 544 1464 601 ad
1476 540 1634 614 supplicium
1648 536 1714 612 rapi
1718 537 1877 612 patiemini?
1913 538 2098 606 eonfiteretur,
2110 536 2280 594 confiteretru

1334 629 1452 702 inquam,
1477 627 1501 685 si
1524 627 1638 693 ixisset.
1658 639 1686 684 et
1704 644 1802 699 magno
1826 625 1917 682 auimo
1939 636 1967 682 et
1988 625 2108 693 libenter,
2130 641 2161 682 se
2181 623 2275 682 iecisse

1333 717 1462 775 libertatis
1493 718 1614 774 omnium
1641 734 1723 774 causa
1750 716 1825 789 quod
1854 725 1925 773 esset
1952 712 1978 772 ei
2007 731 2063 772 non
2093 714 2275 771 confitendum

1281 827 1325 894 30
1334 807 1419 864 modo
1436 824 1528 863 rerum
1547 805 1628 863 etiam
1647 806 1863 878 praedicundum
1903 804 2009 860 Etenim
2030 802 2053 860 si
2072 800 2101 859 id
2121 819 2178 858 non
2196 811 2276 873 negat
2287 806 2320 860 dr

1334 912 1368 952 cx
1389 911 1444 967 quo
1461 893 1528 949 nibil
1552 891 1619 964 petit
1642 892 1693 947 nisi
1715 903 1744 948 ut
1765 891 1925 963 ignoscatur,
1947 890 2080 946 dubitaret
2099 888 2128 946 id
2146 887 2221 944 interi
2242 906 2277 945 ex

1333 1000 1390 1056 quo
1410 981 1491 1040 etism
1511 980 1629 1052 praemia
1649 980 1735 1036 laudis
1754 989 1844 1036 essent
1861 979 2000 1051 petenda?
2023 976 2074 1033 nisi
2095 995 2160 1034 vero
2177 976 2278 1049 gratius

1332 1080 1409 1144 putat
1420 1088 1481 1127 esse
1492 1070 1577 1137 vobis,
1590 1067 1631 1125 sui
1645 1085 1675 1126 se
1691 1067 1787 1140 capitis
1802 1086 1884 1140 quam
1901 1067 1982 1124 vestri
1996 1068 2165 1124 defensorem
2181 1067 2279 1137 iuisse;

1333 1178 1417 1233 quum
1435 1157 1587 1232 pracsertim
1605 1156 1633 1214 in
1652 1175 1685 1215 ca
1702 1157 1879 1223 confessione,
1897 1155 1920 1212 si
1938 1155 2003 1228 grati
2022 1174 2082 1213 esse
2102 1157 2212 1223 velletis,
2231 1156 2279 1213 ho·

1253 1250 1256 1255 ‘
1332 1265 1413 1305 nores
1430 1248 1620 1319 adsequeretur
1636 1245 1821 1317 amplissimos.
1858 1243 1887 1302 Si
1905 1246 2004 1300 ίιοωιιι
2015 1245 2092 1302 vobis
2109 1263 2165 1302 non
2184 1247 2279 1319 proba·

1332 1345 1412 1404 retur,
1426 1335 1600 1408 (quamquam
1612 1332 1658 1405 qui
1670 1343 1775 1404 poterat
1787 1334 1858 1388 salus
1870 1350 1919 1389 sua
1930 1333 2055 1404 cuiquam
2070 1351 2127 1391 non
2139 1334 2245 1407 probari
2251 1336 2276 1410 i)

1332 1422 1381 1478 sed
1393 1433 1484 1478 umen
1495 1420 1518 1477 si
1530 1420 1618 1476 minus
1630 1418 1764 1478 fortissimi
1776 1419 1825 1475 riri
1836 1420 1918 1476 virtus
1929 1419 2032 1476 civibus
2042 1430 2118 1493 grata
2128 1421 2276 1491 cecidisset,

1331 1526 1431 1581 magno
1449 1507 1541 1564 animo
1565 1507 1752 1578 constantique
1770 1509 1877 1564 cederet
1895 1526 1929 1565 ex
1947 1509 2049 1580 ingrata
2069 1507 2194 1567 civitate:
2213 1526 2277 1566 natu

1332 1596 1398 1667 quid
1420 1607 1490 1652 esset
1509 1595 1635 1666 ingratius
1654 1611 1735 1664 quam
1754 1595 1847 1650 laetari
1867 1595 1978 1663 ceteros,
1996 1597 2085 1667 lugere
2105 1614 2168 1652 eum
2189 1598 2275 1653 solum

1530 1693 1639 1754 propter
1650 1699 1731 1754 quem
1744 1681 1825 1739 ceteri
1836 1683 2014 1738 laetarentur?
2041 1682 2211 1752 Quamquam
2223 1682 2276 1738 hoc
2287 1683 2322 1735 ss

1331 1746 1514 1845 fflffiii}
1531 1768 1622 1825 animo
1640 1786 1746 1840 semper
1762 1785 1857 1824 omnes
1871 1767 1967 1824 suimus
1984 1767 2011 1823 in
2027 1768 2128 1839 patriae
2141 1766 2279 1840 proditori-

1331 1852 1514 1944 ffiffimffih'ff:
1532 1857 1582 1912 bus
1597 1855 1786 1928 opprimendis,
1805 1867 1843 1924 ut,
1862 1856 1989 1928 quoniam
2004 1867 2094 1912 nostra
2107 1857 2195 1912 lutura
2208 1867 2278 1914 esset

1331 1956 1514 2049 mrum
1531 1942 1623 2014 gloria,
1649 1943 1795 2015 periculum
1819 1961 1927 2016 quoque
1956 1954 1984 1999 et
2008 1941 2136 1999 invidiam
2159 1954 2278 2000 nostram

1217 2044 1220 2073 ι
1330 2061 1416 2102 dg„
1532 2042 1703 2105 putaremus:
1727 2048 1790 2088 nam
1810 2049 1880 2105 quae
1903 2030 2039 2104 mihiipsi
2059 2032 2201 2089 tribuenda
2220 2032 2278 2088 laus

1528 2131 1606 2188 esset,
1625 2137 1709 2192 quum
1727 2130 1830 2175 tantum
1848 2119 1876 2175 in
1894 2120 2035 2176 consulatu
2052 2136 2115 2176 meo
2132 2137 2183 2193 pro
2199 2119 2277 2177 vobis

1330 2224 1363 2264 ac
1376 2206 1466 2264 liberis
1478 2207 1571 2264 vestris
1582 2225 1663 2264 ausus
1676 2224 1770 2276 essem
1783 2206 1806 2264 si
1818 2206 1847 2264 id
1860 2208 1934 2279 quod
1946 2209 2064 2264 conabar
2081 2207 2140 2264 sine
2155 2206 2278 2264 maximis

1177 2296 1180 2303 ’
1214 2314 1217 2331 ·
1330 2295 1547 2354 dimicationibus
1562 2295 1630 2353 meis
1645 2313 1689 2353 mc
1705 2313 1765 2353 esse
1781 2313 1906 2353 ausurum
1921 2296 2082 2353 arbitrarer?
2100 2313 2170 2368 quse
2184 2294 2279 2353 mulius

1330 2386 1489 2443 sceleratum
1512 2401 1547 2440 ac
1569 2382 1748 2456 perniciosum
1772 2383 1859 2441 civem
1882 2383 2007 2442 occidere
2029 2401 2086 2443 non
2109 2386 2229 2456 auderet,
2254 2385 2279 2444 si

1330 2472 1477 2546 periculum
1492 2490 1549 2529 non
1566 2472 1691 2529 timeret?
1727 2472 1868 2545 Proposita
1885 2472 1993 2540 invidia,
2010 2486 2104 2543 morte,
2120 2492 2218 2547 poena,
2230 2473 2279 2549 qui

1330 2561 1414 2619 nihilo
1426 2561 1533 2634 segnius
1544 2578 1601 2618 rem
1615 2560 1751 2633 publicam
1764 2559 1927 2629 defenditis
1944 2561 1985 2617 vir
1999 2579 2062 2619 rere
2078 2562 2211 2634 putandus
2227 2572 2276 2620 cst.
2342 2575 2343 2578 ’

1331 2649 1427 2723 Populi
1438 2649 1506 2721 grati
1520 2659 1562 2706 est
1575 2648 1700 2722 praemiis
1716 2650 1833 2705 adicem
1851 2648 1921 2706 bene
1940 2649 2050 2706 meritos
2068 2650 2105 2707 de
2125 2667 2154 2706 re
2169 2650 2277 2722 publica

1240 2776 1242 2781 -
1329 2737 1402 2797 circs
1409 2756 1419 2807 ;
1437 2735 1486 2792 viri
1500 2736 1575 2793 sortis
1590 2753 1626 2794 ne
1644 2735 1780 2810 suppliciis
1791 2736 1901 2809 quidem
1913 2736 2015 2794 moveri
2026 2747 2057 2794 ut
2068 2737 2171 2796 sortiter
2180 2737 2276 2811 iecisse

1329 2825 1474 2901 poenitat.
1522 2825 1612 2896 Quam
1635 2827 1673 2882 ob
1697 2843 1753 2883 rem
1781 2835 1899 2882 uteretur
1928 2826 2024 2882 cadem
2048 2825 2217 2883 confessione
2240 2825 2274 2882 T.
2287 2824 2322 2895 ⁸3

1328 2914 1434 2973 Annius
1451 2932 1505 2987 qua
1522 2915 1617 2982 Ahala,
1631 2932 1686 2987 qus
1699 2912 1807 2980 Nssiffis
1822 2930 1877 2986 <1¹¹²
1888 2913 2020 2985 Opimiffl·
2033 2930 2088 2986 <lua
2100 2913 2209 2982 ΜΝ,
2222 2930 2278 2986 ‘1¹¹²

1329 3014 1437 3062 nounet
1448 3002 1499 3074 ipsi
1510 3022 1519 3073 ς
1535 3016 1563 3058 et
1574 3002 1681 3074 sigrata
1691 3019 1734 3058 res
1744 3000 1855 3075 publica
1866 3012 1946 3070 esset,
1959 3003 2101 3060 laetaretur
2106 3022 2117 3073 ς
2130 3002 2153 3059 si
2165 3003 2275 3075 ingrata,

1350 3140 1511 3183 mm„
1527 3102 1618 3148 umen
1635 3090 1664 3146 in
1682 3090 1755 3162 gravi
1769 3090 1876 3147 fortuna
1894 3089 2060 3147 conscierma
2075 3107 2125 3147 sua
2141 3091 2275 3149 nitcretur.

1191 3148 1194 3154 ’
1252 3208 1254 3212 -
1327 3193 1460 3235 aaa„
1493 3176 2278 3253 acrimoniammoniuuoarommps

1327 3245 1511 3339 fflifflffi
1529 3263 1587 3338 puli
1605 3264 1723 3323 Romani
1741 3274 1769 3323 et
1785 3275 1875 3321 rutra
1890 3263 2003 3322 {elicitas
2021 3275 2049 3322 ct
2066 3263 2096 3323 di
2114 3264 2277 3324 immorulcs

1326 3351 1511 3445 ww
1527 3353 1580 3412 sibi
1603 3353 1697 3413 deberi
1720 3365 1832 3429 putant:
1856 3371 1909 3412 nec
1937 3373 2003 3412 vero
2032 3354 2174 3430 quisquam
2200 3354 2279 3413 aliter

1326 3455 1509 3504 dunum
1525 3442 1646 3503 arbitrari
1664 3453 1763 3515 potest,
1781 3441 1835 3500 nisi
1858 3442 1906 3517 qui
1924 3445 2025 3501 nullum
2048 3443 2105 3502 rim
2123 3460 2184 3502 csso
2201 3441 2277 3502 ducit

1326 3508 1389 3560 ‘'¹¹'‘
1525 3549 1660 3592 numeurc
1683 3529 1822 3603 divinum
1846 3548 1929 3606 quens
1951 3550 2042 3609 neque
2064 3531 2169 3609 imperii
2190 3529 2277 3593 nostri

2145 3625 2231 3669 g-x
