4598 4064
294 258 398 287 “-“”““’..“
407 260 495 283 '‘e-'lerata
510 267 570 277 ·-—r
583 274 606 281 -..

76 382 118 436 ²⁸
407 383 453 442 Μ.
475 383 506 441 t:
529 379 660 440 Quart

35 477 67 532 ²¹
138 505 199 553 tta.
296 494 357 569 Age
374 510 448 551 nunc
466 492 517 551 iter
536 491 655 566 expediti
679 489 789 549 latronis
812 509 874 550 marn
896 490 1053 561 Milonisss

112 565 221 622 *Μ
260 581 459 657 imperlintentis
476 591 637 655 comparate
675 581 786 653 Semper
797 578 842 639 ille
853 590 934 638 antea
945 597 1008 638 cum

108 641 244 751 „2⁹25
260 679 421 769 murenam
439 669 497 726 sine
513 686 561 726 ea:
582 685 728 769 numquam
748 667 799 724 nisi
815 667 1006 768 in‘redaturn

84 748 121 843 ξ
140 761 174 803 n.
201 773 243 802 ν·
259 773 387 829 raeque:
407 765 519 813 comites
528 756 660 824 Graeculi,
673 756 1005 828 quocumquerbatetum

86 811 344 918 &adm
362 842 392 901 ia
409 842 1005 916 casnaEuusaaproperabattuminoomi-

87 907 243 1011 hm
259 941 316 989 tatu
336 948 466 1004 augarum
484 930 558 987 nihil.
597 930 675 998 Milo,
695 929 743 1002 qui
767 948 922 1003 numquam,
947 941 1004 988 turn

85 1015 158 1062 *Μ’
260 1037 323 1078 usar
335 1036 432 1093 pueros
448 1017 656 1092 symphoniacos
669 1018 759 1076 uxoris
777 1021 894 1076 ducebat
913 1030 941 1076 et
959 1037 1005 1076 an·

85 1105 179 1167 viltrum
189 1127 299 1184 gregeus
316 1109 361 1167 ille
373 1108 419 1181 qui
431 1126 537 1182 semper
547 1127 639 1166 semim
651 1119 746 1178 scorta,
756 1125 862 1181 semper
873 1110 1003 1178 exoletos,

96 1238 172 1282 m
193 1240 242 1282 'u
257 1212 363 1271 oemper
374 1198 450 1270 lupas
462 1197 578 1266 duceret,
591 1206 648 1253 turn
660 1196 802 1266 neminem,
815 1196 866 1254 nisi
877 1206 908 1253 at
919 1195 1003 1252 virum

79 1285 473 1344 *ssve-trariroloctum
496 1304 556 1345 erse
579 1286 689 1345 diceres
735 1286 890 1360 Curigitur
914 1284 1002 1342 victus

77 1346 241 1448 xystu:
257 1376 319 1431 est?
354 1373 426 1445 Quia
454 1392 511 1431 non
534 1392 640 1448 semper
661 1374 747 1431 viator
769 1393 787 1431 a
810 1377 921 1444 latrone,
946 1391 1002 1430 non

72 1449 239 1542 ''h-''5¹32‘'
256 1477 402 1532 numquam
421 1460 501 1518 etiam
520 1462 587 1517 latro
607 1479 625 1516 a
642 1459 742 1518 viatore
761 1460 909 1530 occiditurr
930 1462 1000 1532 quia,

68 1553 242 1654 &m
258 1563 420 1619 quamquam
434 1557 540 1619 paratus
557 1546 587 1602 in
607 1545 750 1619 imparatos
771 1545 891 1614 Clodius,
911 1555 1002 1604 umen

66 1632 352 1699 ..ruadmulier
380 1632 509 1690 inciderat
536 1632 566 1689 in
589 1632 670 1693 viras,
711 1635 772 1690 Nec
795 1649 859 1689 vera
881 1630 922 1688 sic
945 1639 1049 1710 erat56

63 1707 221 1750 *Μ
256 1736 384 1792 umquem
398 1737 454 1776 non
473 1730 579 1793 paratus
599 1720 668 1777 Milo
688 1730 782 1775 contre
803 1717 877 1775 illum
898 1728 927 1774 ut
945 1735 1002 1775 non

61 1806 124 1864 retis
134 1809 187 1866 iere
197 1816 270 1866 uret
280 1817 394 1880 paratas
431 1809 542 1880 Semper
557 1807 601 1865 ille
619 1817 647 1865 et
663 1817 792 1881 quantum
811 1805 950 1863 interesset
969 1807 999 1863 P.

63 1894 150 1954 Clodii
160 1912 190 1953 se
201 1893 287 1968 perire
299 1903 327 1952 et
337 1906 439 1966 quanto
451 1894 488 1950 illi
501 1894 566 1952 odio
578 1905 648 1951 esset
658 1905 685 1951 et
694 1905 823 1967 quantum
835 1893 880 1950 ille
891 1894 1002 1951 auderet

60 1983 199 2058 muitabat.
227 1983 370 2056 Quamob
388 1978 1001 2055 mmviummamquammarimispraemiis

60 2073 223 2148 paparium
239 2082 268 2131 et
284 2089 372 2146 paene
386 2073 521 2132 addictam
536 2073 646 2142 sciebat,
658 2091 805 2146 numquam
817 2069 1000 2145 inpericulurn

59 2162 119 2220 r'ase
133 2160 267 2236 prraidia
286 2170 315 2218 et
335 2159 393 2220 riae
410 2161 532 2220 custodia
543 2161 697 2235 proiciebat.
734 2163 815 2218 Adde
830 2177 915 2229 casus,
927 2159 1000 2217 adde

53 2254 173 2325 iacemus
191 2253 277 2330 exitus
299 2271 447 2328 pugnarum
464 2256 634 2328 Martemque
652 2269 832 2321 communem,
853 2249 899 2324 qui
918 2268 999 2322 saepe

57 2343 217 2418 spol'aatem
233 2343 287 2403 lan
307 2354 336 2402 et
356 2345 531 2402 exsultantem
548 2341 641 2401 metit
656 2352 684 2400 et
705 2341 816 2415 percutit
831 2342 867 2398 ab
884 2338 998 2396 abiecta

56 2430 469 2507 Addeimcidaarpransipoti
488 2428 1000 2502 oscitantlsducis,quiquumatergo
1047 2501 1050 2506 ι

55 2525 162 2582 Men
192 2522 362 2581 interclusum
391 2520 546 2595 reliquisset,
570 2519 636 2577 nihil
660 2521 697 2578 de
727 2517 784 2577 eius
808 2515 932 2575 extremis
955 2533 1000 2573 co·

56 2611 166 2671 mitibus
183 2610 323 2686 cogitarim
345 2609 373 2668 in
393 2628 463 2684 quos
483 2609 607 2668 incensos
628 2608 666 2666 ira
684 2607 819 2681 uitamque
833 2604 936 2664 domini
953 2606 1000 2663 de·

55 2698 583 2778 spmaruqnaniacidinethsesitin
599 2697 631 2756 iis
648 2691 997 2772 poenisquasabeoservi

253 2792 346 2850 fideles
365 2808 414 2864 pro
434 2787 537 2847 domini
554 2787 609 2845 sita
624 2785 813 2861 expetiverunt.
851 2784 907 2842 Cur
922 2781 1001 2857 igitur
1011 2799 1045 2859 57

84 2842 214 2956 m
254 2896 303 2937 ena
317 2896 399 2936 manu
412 2875 500 2935 misit?
520 2876 656 2933 metuebat
671 2873 819 2932 scilicetne
831 2871 999 2940 indicaretur,

78 2967 432 3040 mannednlorem
452 2965 643 3038 perimenon
665 2970 783 3034 possent.
805 2977 841 3016 ne
862 2957 1000 3016 tormentis

55 3049 239 3143 ¹¹2ss
255 3063 412 3128 meatur
422 3049 541 3109 cedema
552 3067 640 3107 essen
655 3047 737 3105 servia
750 3044 860 3103 Milonis
871 3043 1001 3118 iuAppia

53 3104 119 3199 aa
154 3141 341 3204 meisi.
355 3139 482 3200 Clodium
497 3136 624 3196 confiteri
662 3135 736 3207 Quid
753 3137 1001 3208 opusesttortore?

52 3208 240 3306 2⁸2¹&
256 3228 322 3303 qsu
345 3226 466 3301 quaerar
493 3222 672 3283 omasum?
695 3220 808 3280 ssent:
833 3219 890 3277 tas
907 3236 945 3276 as
962 3217 1002 3275 ns

52 3305 1001 3414 gffgtnutnihiladtoeorenztacdenimineqautes

4 3427 41 3477 ιι
52 3422 240 3468 uum
257 3403 379 3481 qaeestio
391 3412 439 3474 est,
451 3399 515 3460 iuris
526 3399 555 3458 in
566 3396 673 3457 iudicio
696 3397 779 3470 Quod
790 3393 1001 3470 igiturincausa

51 3478 1001 3575 :mqmmamarumnuqqaosnmn

50 3595 109 3630 ⁸¹⁸
256 3579 606 3653 invertirerhidiatemur.
644 3570 1000 3643 Manaverocurmiserit,

50 3638 1001 3752 fflu'sidldpotiuqmmmqurmmupammempliaed·

204 3891 513 3915 mun-.-

1595 414 1652 470 Pro
1674 412 1703 467 7:
1722 411 1814 468 Annio
1830 412 1938 467 Milone.
2211 425 2242 464 ar

1302 543 1417 594 namn
1455 553 1487 582 n·
1505 524 1596 584 iecerit
1615 521 1748 598 praemiis,
1764 520 1851 579 nescis
1872 518 1972 577 inimici
1992 520 2091 576 sactum
2108 519 2248 592 reprehen-

1302 596 1485 690 fflt'ffilzt
1502 615 1573 672 sere
1612 612 1688 670 aaa
1710 610 1781 669 enlm
1803 609 1940 666 alcidem
1962 608 2008 682 qut
2029 605 2120 665 omna
2143 610 2296 685 respersa

1302 677 1485 793 ffifftt‘pj
1502 711 1656 758 constanter
1676 710 1704 757 et
1722 699 1830 766 sortiter,
1844 700 1884 754 M.
1906 700 1983 764 Cato,
2006 695 2128 769 dixitque
2148 695 2178 751 in
2198 706 2250 751 mr·

1303 765 1486 846 maweu
1503 789 1613 845 bulenta
1633 785 1767 853 contione,
1791 803 1860 857 quae
1884 795 1974 840 umen
1997 783 2076 839 huius
2092 783 2249 839 auctoritate

1303 858 1354 949 {Z
1361 856 1488 958 ffl'ss
1505 877 1609 964 placata
1618 884 1666 942 est,
1677 892 1732 930 non
1742 875 1863 930 libertate
1872 874 1959 928 solum
1971 870 2112 928 sedetiam
2124 869 2248 927 omnibus

1303 962 1372 1002 ὑ*
1504 962 1628 1036 praemiis
1647 960 1816 1033 dignissimos
1832 958 1912 1015 fuisse
1931 956 1977 1029 qui
1993 956 2095 1014 domini
2111 966 2192 1029 capnt
2203 958 2248 1014 de

1303 1051 1457 1110 iendissent.
1503 1052 1585 1122 Quod
1616 1049 1689 1107 enim
1711 1047 1859 1120 praemium
1891 1045 1954 1102 satis
1978 1063 2104 1117 magnum
2128 1056 2169 1102 est
2192 1055 2246 1101 tam

1304 1141 1450 1209 benevolis,
1463 1151 1518 1196 tam
1537 1138 1623 1206 bonis,
1637 1149 1691 1194 tam
1710 1136 1833 1193 fidelibus
1848 1133 1937 1203 servis,
1956 1144 2065 1207 propter
2079 1151 2148 1207 quos
2163 1132 2248 1192 vivit?

1304 1228 1355 1287 etsi
1376 1229 1405 1285 id
1426 1228 1535 1301 quidem
1556 1245 1612 1283 non
1632 1225 1698 1282 tanti
1713 1237 1754 1282 est
1766 1243 1846 1297 quam
1864 1225 1939 1296 quod
1951 1235 2059 1296 propter
2070 1225 2180 1281 eosdem
2192 1242 2247 1281 nnn

1305 1316 1434 1390 sanguine
1447 1326 1473 1373 et
1486 1315 1637 1372 vulneribus
1651 1313 1706 1370 suis
1722 1311 1895 1370 crudelissimi
1907 1311 2006 1368 inimici
2018 1322 2135 1369 mentem
2147 1313 2249 1369 oculos·

1304 1421 1358 1476 que
1378 1403 1489 1459 satiavit.
1534 1405 1610 1472 Quos
1629 1402 1680 1457 nisi
1700 1420 1780 1458 manu
1802 1401 1924 1468 misisset,
1944 1401 2082 1457 tormentis
2101 1400 2182 1457 etiarn
2204 1402 2249 1458 de

1303 1491 1387 1548 dendi
1399 1493 1506 1546 suerunt
1518 1502 1716 1546 conservatores
1729 1489 1839 1556 domini,
1852 1493 1951 1545 ultores
1970 1489 2083 1556 sceleris,
2096 1490 2248 1546 defensores

1303 1577 1386 1634 necis.
1426 1578 1483 1634 Hic
1503 1596 1567 1633 vero
1587 1578 1652 1633 nihil
1670 1578 1752 1633 habet
1768 1577 1796 1632 in
1808 1577 1849 1632 his
1862 1564 1938 1632 malis
1951 1579 2025 1649 quod
2037 1577 2125 1633 minus
2136 1579 2248 1633 moleste

1302 1666 1378 1733 ierat,
1391 1682 1480 1737 quam,
1494 1664 1575 1720 etiam
1587 1664 1609 1719 si
1622 1663 1686 1735 quid
1699 1663 1748 1735 ipsi
1761 1663 1873 1731 accidat,
1887 1683 1945 1720 esse
1958 1675 2048 1720 tamen
2064 1663 2114 1719 illis
2126 1663 2248 1720 meritum

1326 1778 1357 1817 As
1371 1787 1392 1817 ss
1406 1778 1439 1817 ῃ..
1454 1789 1487 1816 ..p
1505 1750 1651 1822 praemium
1672 1753 1842 1823 persolutum.
1884 1753 1936 1809 Sed
1962 1751 2131 1824 quaestiones
2155 1762 2248 1823 urgent
2260 1769 2295 1824 59

1303 1830 1441 1920 mnf*
1461 1829 1487 1876 a,
1506 1837 1636 1894 Milonem
1645 1856 1713 1909 quae
1721 1850 1783 1895 sunt
1795 1839 1901 1896 habitae
1912 1858 1983 1895 nunc
1993 1839 2019 1895 in
2027 1839 2093 1896 atrio
2100 1839 2246 1898 Libertatis

1302 1893 1487 1998 implexam
1505 1925 1672 1993 Quibusnam
1684 1927 1719 1982 de
1731 1926 1829 1982 servis?
1843 1930 1937 1998 rogas?
1952 1928 1987 1982 ‹le
2001 1929 2029 1982 P.
2044 1926 2141 1983 Clodii.
2179 1927 2247 1997 Quis

1303 1986 1487 2087 322&
1505 2031 1552 2069 eos
1564 2013 1726 2085 postulavit?
1749 2013 1860 2086 Appius
1884 2013 1952 2083 Quis
1967 2013 2112 2085 produxit?
2134 2014 2246 2087 Appius.

1303 2090 1487 2184 fflffiffl
1505 2102 1608 2159 Unde?
1643 2103 1678 2158 ab
1694 2101 1792 2174 Appio
1835 2101 1871 2159 Di
1895 2102 1972 2159 bonil
2003 2101 2068 2175 quid
2093 2112 2181 2175 potest
2204 2102 2248 2176 agi

1302 2209 1343 2236 m
1361 2197 1450 2245 „sauss
1468 2195 1492 2235 ⁰¹
1507 2189 1643 2246 severius?
1675 2191 1718 2246 De
1739 2189 1821 2246 servis
1841 2192 1914 2246 nulla
1935 2193 1993 2263 lege
2013 2189 2135 2263 quaestio
2160 2200 2200 2247 est
2219 2190 2247 2248 in

1303 2249 1486 2350 itum
1503 2276 1641 2334 dominam
1663 2276 1714 2332 nni
1738 2278 1774 2334 ae
1799 2276 1909 2345 incessu,
1934 2288 1963 2334 ur
1987 2277 2036 2333 suit
2060 2276 2087 2333 sn
2112 2278 2245 2335 crossum„

1303 2354 1433 2403 “mul
1503 2365 1627 2422 Proxime
1648 2366 1715 2422 deos
1740 2365 1852 2421 accessit
1876 2364 2142 2438 Clodius-propius
2166 2384 2246 2438 quam

1302 2462 1360 2509 tum
1376 2470 1459 2525 quum
1477 2455 1514 2510 ad
1530 2453 1603 2525 ipsos
1620 2454 1889 2525 penetrarat-culus
1904 2455 1940 2511 de
1954 2463 2040 2511 morte
2059 2463 2193 2528 tamquam
2211 2457 2246 2513 de

1302 2537 1469 2596 caerimoniis
1489 2538 1594 2595 violatis
1617 2538 1756 2611 quaeritur.
1795 2540 1848 2596 Sed
1873 2550 1900 2595 ta
1928 2557 1963 2595 en
1987 2537 2100 2597 maiores
2117 2538 2199 2597 nostri
2217 2539 2246 2597 in

1302 2626 1442 2684 dominum
1463 2627 1499 2683 de
1519 2643 1596 2683 servo
1612 2625 1704 2698 quaeri
1723 2629 1872 2694 noluerunt,
1885 2557 1941 2683 arn
1960 2628 2024 2700 quin
2044 2639 2135 2700 posset
2155 2648 2245 2686 verum

1302 2713 1423 2785 inveniri,
1443 2716 1492 2773 sed
1513 2715 1577 2787 quia
1595 2714 1735 2773 videbatur
1753 2715 1891 2788 indignum
1910 2727 1939 2774 et
1959 2716 2061 2774 domini
2079 2729 2165 2776 morte
2188 2719 2247 2792 ipsa

1302 2802 1408 2860 tristius.
1447 2805 1482 2860 In
1501 2820 1575 2861 reum
1591 2805 1626 2861 de
1644 2822 1722 2862 servo
1735 2803 1896 2861 accusatoris
1908 2823 1991 2879 quum
2002 2805 2142 2880 quaeritur,
2155 2825 2246 2865 verum

1303 2889 1415 2950 inveniri
1439 2894 1546 2967 potest?
1581 2896 1640 2966 Age
1664 2912 1736 2961 vero,
1762 2911 1831 2965 quae
1855 2903 1911 2951 erat
1930 2905 1978 2951 aut
2001 2893 2086 2967 qualis
2110 2895 2294 2968 quaestioido

1303 2982 1395 3038 ‘Heus
1415 2992 1452 3050 tu,
1475 2981 1573 3050 Rufio:
1590 2981 1676 3053 (verbi
1697 2981 1788 3054 causa)
1810 2986 1887 3039 ‘cave
1907 2982 1944 3039 sis
1967 2982 2108 3053 mentiare3
2134 2983 2246 3042 Clodius

1300 3067 1412 3126 insidias
1432 3069 1495 3125 iecit
1520 3069 1650 3127 Milonis·
1678 3068 1791 3126 ‘Fecit2’
1817 3080 1890 3126 certa
1913 3088 1984 3126 mlx.
2031 3072 2137 3128 ‘Nullas
2160 3071 2245 3128 secitt'

1300 3169 1408 3231 sperata
1418 3157 1533 3214 libertas
1570 3157 1643 3228 Quid
1656 3159 1708 3214 hac
1720 3158 1878 3231 quaestione
1890 3158 2007 3215 certius?
2036 3159 2131 3217 Subito
2141 3157 2246 3232 abrepti

1300 3244 1330 3302 in
1349 3244 1542 3318 quaestionem,
1564 3256 1719 3318 separantur
1737 3256 1827 3302 tamen
1846 3265 1863 3301 a
1882 3245 1976 3303 ceteris
1995 3257 2023 3304 et
2040 3246 2068 3303 in
2083 3265 2158 3303 mons
2174 3247 2247 3305 coai-

1300 3332 1413 3404 ciuntur,
1426 3351 1461 3390 ne
1474 3333 1534 3406 quis
1545 3351 1607 3390 cum
1620 3334 1652 3390 iis
1663 3333 1782 3406 colloqui
1793 3334 1884 3407 possit.
1921 3333 1961 3390 Hi
1972 3346 2080 3393 centum
2091 3334 2151 3392 dies
2161 3353 2245 3407 penes

1300 3431 1483 3480 aecusatoretn
1502 3440 1584 3495 quum
1603 3422 1720 3491 inissent,
1739 3423 1776 3478 ab
1794 3438 1828 3478 eo
1846 3420 1906 3494 ipso
1926 3418 2103 3498 [acmsatnre]
2122 3421 2245 3494 producti

1300 3519 1370 3568 runt
1408 3509 1482 3581 Quid
1496 3511 1549 3568 hac
1562 3507 1720 3584 quaestione
1738 3508 1793 3567 dici
1811 3520 1902 3583 potest
1919 3508 2061 3584 integrius?
2078 3508 2145 3583 quid
2162 3507 2245 3568 iaoar·

1364 3938 1471 3947 .,.-..-.
